
@article{kristensen1981phylogeny,
  title={Phylogeny of insect orders},
  author={Kristensen, Niels P},
  journal={Annual review of entomology},
  volume={26},
  number={1},
  pages={135--157},
  year={1981},
  doi = {10.1146/annurev.en.26.010181.001031}
}