@book{goulet1993hymenoptera,
  title={Hymenoptera of the world: an identification guide to families.},
  author={Goulet, Henri and Huber, John T and others},
  year={1993},
  publisher={Research Branch, Agriculture Canada}
}

@article{MullinsEtAl2012,
    doi = {10.3897/zookeys.223.3572},
    year = {2012},
    volume = {223},
    pages = {1--38},
    author = {Patricia Mullins and Ricardo Kawada and James Balhoff and Andrew R. Deans},
    title = {A revision of \textit{{E}vaniscus} ({H}ymenoptera, {E}vaniidae) using ontology-based semantic phenotype annotation},
    journal = {ZooKeys}
} 