%%%%%%% Morphology %%%%%%%%
%%%%%%%%%%%%%%%%%%%%%%%%%%%

@article{wingate1906,
  title={Review and book notices; A preliminary list of {Durham Diptera}, with analytical tables by {Rev. W. J. Wingate}},
  author={Reviewer},
  journal={The Naturalist},
  volume={31},
  issue={373},
  year={1906},
  pages={276--278 + plate},
  url={https://www.biodiversitylibrary.org/page/29680743}
}

@book{metcalf1939destructive,
  title={Destructive and Useful Insects. Their Habits and Control},
  author={Clell Lee Metcalf and Wesley Pillsbury Flint},
  note={2nd edn. revd},
  year={1939},
  url = {https://api.semanticscholar.org/CorpusID:89556448},
  publisher={New York \& London, McGraw-Hfll Book Co., Inc.}
}

@article{snodgrass1910honeybee,
  title={Anatomy of the Honey Bee},
  author={Snodgrass, R.E.},
  journal={USDA Technical Series},
  volume={18},
  year={1910},
  pages={1--165},
  publisher={GPO, Washington, DC},
  url={https://naldc.nal.usda.gov/download/CAT31027153/PDF}
}

@book{bhlitem104661,
	title = {Natural history of the insects of India, containing upwards of two hundred and twenty figures and descriptions},
	copyright = {Not provided. Contact contributing library to verify copyright status.},
	url = {https://www.biodiversitylibrary.org/item/104661},
	publisher = {London : H.G. Bohn},
	author = {Edward Donovan AND Henry G. Bohn AND John Davy AND  J. O. Westwood},
	year = {1842},
	pages = {236}
}

@article{snodgrass1929thoracic,
  title={The thoracic mechanism of a grasshopper, and its antecedents},
  author={Snodgrass, Robert Evans},
  journal={Smithsonian Miscellaneous Collections},
  year={1929},
  volume={82},
  issue={2},
  pages={1--111},
  url={https://repository.si.edu/handle/10088/24014}
}

@book{snodgrass1935principles,
  title={Principles of Insect Morphology},
  author={Snodgrass, R.E.},
  isbn={9780801481253},
  lccn={92054710},
  series={A Comstock Bk},
  url={https://books.google.com/books?id=XcKaQgAACAAJ},
  year={1935},
  publisher={Cornell University Press}
}

@book{beutel2013insect,
  title={Insect Morphology and Phylogeny: A Textbook for Students of Entomology},
  author={Beutel, R. and Friedrich, F. and Ge, S.Q. and Yang, X.K.},
  isbn={9783110262636},
  lccn={2013029900},
  series={De Gruyter graduate},
  url={https://books.google.com/books?id=fWSBtgAACAAJ},
  year={2013},
  publisher={De Gruyter}
}

%%%%%% Specimen preps %%%%%%
%%%%%%%%%%%%%%%%%%%%%%%%%%%%

@article{vouchers1,
author = {Cody W. Thompson and Kendra L. Phelps and Marc W. Allard and Joseph A. Cook and Jonathan L. Dunnum and Adam W. Ferguson and Magnus Gelang and Faisal Ali Anwarali Khan and Deborah L. Paul and DeeAnn M. Reeder and Nancy B. Simmons and Maarten P. M. Vanhove and Paul W. Webala and Marcelo Weksler and C. William Kilpatrick},
title = {Preserve a Voucher Specimen! The Critical Need for Integrating Natural History Collections in Infectious Disease Studies},
journal = {mBio},
volume = {12},
number = {1},
pages = {1--20},
year = {2021},
doi = {10.1128/mbio.02698-20}
}

@article{vouchersHuber,
author = {J.T. Huber},
title = {The importance of voucher specimens, with practical guidelines for preserving specimens of the major invertebrate phyla for identification},
journal = {Journal of Natural History},
volume = {32},
number = {3},
pages = {367--385},
year = {1998},
publisher = {Taylor \& Francis},
doi = {10.1080/00222939800770191}
}

@book{south2022butterflies,
  title={The butterflies of the British Isles},
  author={South, Richard},
  year={1906},
  publisher={Frederick Warne \& Co., London},
  pages={204 pp.},
  url={https://www.gutenberg.org/files/43713/43713-h/43713-h.htm}
}

@article{landry1994technique,
  title={A technique for setting and mounting microlepidoptera},
  author={Landry, Jean-Fran{\c{c}}ois and Landry, Bernard},
  journal={Journal of the Lepidopterists’ Society},
  volume={48},
  number={3},
  pages={205--227},
  year={1994},
url={https://images.peabody.yale.edu/lepsoc/jls/1990s/1994/1994-48(3)205-Landry.pdf}
}

@article{oath,
author = {Carolyn Trietsch AND Andrew R. Deans},
year = {2016},
title = {The Insect Collector's Oath, version 1},
journal = {figshare},
doi = {10.6084/m9.figshare.2065344.v3},
note = {Retrieved: 00 33, Aug 04, 2016 (GMT)}
}

@manual{USDAmanual,
  title        = {Collecting and Preserving Insects and Mites, Techniques \& Tools},
  author       = {{M. E. Schauff, ed.}}, 
  organization = {Systematic Entomology Laboratory, USDA},
  address      = {Washington, DC},
  year         = {2005},
  note	=	{\url{http://www.ars.usda.gov/Main/docs.htm?docid=10141&page=1}}
  }
  
@manual{USDAmanual1986,
  title        = {Insects and mites: techniques for collection and preservation},
  author       = {Steyskal, George C AND Murphy, William L., Jr AND Hoover, Edna M}, 
  organization = {U.S. Department of Agriculture},
  address      = {Washington, DC},
  year         = {1986},
  note = {\url{https://archive.org/details/insectsmitestech1443stey}}
}

@misc{GrinterWebpage,
  author = {Chris Grinter},
  year = {2023},
  title = {Spreading Microlepidoptera},
  howpublished = {\url{https://web.archive.org/web/20230317124834/https://www.theskepticalmoth.com/techniques/spreading-microlepidoptera/}},
  note = {Accessed: 29 November 2023}
}

@misc{odePrepping,
  author = {{Wisconsin Odonata Survey}},
  year = {2023},
  title = {Collecting and Preserving Specimens},
  howpublished = {\url{https://web.archive.org/web/20230730182234/https://wiatri.net/inventory/odonata/GettingStarted/Collecting.cfm}},
  note = {Accessed: 29 November 2023}
}

@Inbook{Tennessen2019,
author="Tennessen, Kenneth",
title="Methods for Collecting, Rearing and Preserving Dragonflies",
bookTitle="Dragonfly Nymphs of North America: An Identification Guide ",
year="2019",
publisher="Springer International Publishing",
address="Cham",
pages="579--590",
abstract="Collecting and preserving methods for both nymphs and adults of Odonata are described. Procedures for rearing and feeding nymphs are outlined; rearing nymphs is an essential tool in learning about their growth and development. Suggestions for equipment and other materials, and also safety concerns, necessary in field studies of nymphs and adults are provided. Field guides to the adults of North American dragonflies are listed.",
isbn="978-3-319-97776-8",
doi="10.1007/978-3-319-97776-8\_13",
url="https://doi.org/10.1007/978-3-319-97776-8\_13"
}


@article{packinginsects,
author = {Curtis W. Sabrosky},
year = {1971},
title = {Packing and shipping pinned insects},
journal = {Bulletin of the Entomological Society of America},
volume = {17},
pages = {6--8},
doi = {10.1093/besa/17.1.6}
}

@misc{MacraeWebpage,
	author = {Ted C. MacRae},
    year = {2013},
  title = {How to pack and ship pinned insect specimens},
  howpublished = {\url{http://bit.ly/MacRaeShippingInsects}},
  note = {Accessed: 20 July 2016}
}

@misc{SlideMounting,
    author = {{Frost Entomological Museum Curator \& Interest Group}},
    title = {Frost {SOP} 28: Slide-mounting in Canada balsam},
    year = {2023},
    howpublished = {\url{https://doi.org/10.26207/f19w-9y16}},
    note = {Accessed 2023-11-29}
}

@misc{droegeBee,
author = {Sam Droege},
year = {2017},
title = {Rewashing Old Bee Specimens so they are Clean and Fluffy and Good for Picture Taking},
howpublished = {\url{https://listserv.unl.edu/cgi-bin/wa?A2=ECN-L;618813d.1708B}},
  note = {Accessed: 17 August 2017}
}


%%%%%%%%% Fossils %%%%%%%%%
%%%%%%%%%%%%%%%%%%%%%%%%%%%

@article{carpenter1938fossil,
  title={Fossil Insects from the {Creede Formation, Colorado}},
  author={Carpenter, Frank Morton and Snyder, TE and Alexander, CP and James, MT and Hull, FM},
  journal={Psyche},
  volume={45},
  number={2-3},
  pages={105--119},
  year={1938},
  doi={10.1155/1938/46082},
  publisher={Cambridge Entomological Club}
}

@article{taphonomy2004,
author = {Xavier Mart\'{i}nez-Delcl\`{o}s AND Derek E. G. Briggs AND Enrique Peñalver},
title = {Taphonomy of insects in carbonates and amber},
journal = {Palaeogeography, Palaeoclimatology, Palaeoecology},
year = {2004},
volume = {203},
issue = {1--2},
pages = {19--64},
doi = {10.1016/S0031-0182(03)00643-6}
}

@Incollection{Dunlop2013,
author={Dunlop, Jason A. and Scholtz, Gerhard and Selden, Paul A.},
editor={Minelli, Alessandro and Boxshall, Geoffrey and Fusco, Giuseppe},
title={Water-to-Land Transitions},
bookTitle={Arthropod Biology and Evolution: Molecules, Development, Morphology},
year={2013},
publisher={Springer Berlin Heidelberg},
address={Berlin, Heidelberg},
pages={417--439},
isbn={978-3-642-36160-9},
doi={10.1007/978-3-642-36160-9\_16}
}

@misc{berkeley,
author = {{UC Berkeley Museum of Paleontology}},
year = {2016},
note = {Archived version, accessed 16 August 2016},
howpublished = {\url{https://web.archive.org/web/20150524084708/http:/www.ucmp.berkeley.edu/tertiary/oli/creede.html}}
}

@misc{ENT532,
author = {{Open Entomology Project}},
year = {2022},
title = {Insect Biodiversity and Evolution},
howpublished = {\url{https://github.com/OpenEntomology/InsectBiodiversityEvolution}},
note = {Accessed 15 July 2022}
}

@article {IturraldeVinent1850,
	author = {Iturralde-Vinent, Manuel A. and MacPhee, R. D. E.},
	title = {Age and Paleogeographical Origin of {D}ominican Amber},
	volume = {273},
	number = {5283},
	pages = {1850--1852},
	year = {1996},
	doi = {10.1126/science.273.5283.1850},
	publisher = {American Association for the Advancement of Science},
	issn = {0036-8075},
	journal = {Science}
}

@article{PARK01042001,
author = {Park, L. E. and Downing, K. F.}, 
title = {Paleoecology of an Exceptionally Preserved Arthropod Fauna from Lake Deposits of the {M}iocene {B}arstow {F}ormation, Southern {C}alifornia, {U.S.A}},
volume = {16}, 
number = {2}, 
pages = {175--184}, 
year = {2001}, 
doi = {10.1669/0883-1351(2001)016<0175:POAEPA>2.0.CO;2}, 
journal = {PALAIOS} 
}

%%%%%%% Systematics %%%%%%%
%%%%%%%%%%%%%%%%%%%%%%%%%%%

@book{grimaldi2005evolution,
  title={Evolution of the Insects},
  author={Grimaldi, David and Engel, Michael S},
  year={2005},
  publisher={Cambridge University Press}
}

@book{borror1989introduction,
  title={An Introduction to the Study of Insects},
  author={Borror, Donald Joyce and Triplehorn, Charles A and Johnson, Norman F and others},
  edition={6},
  year={1989},
  publisher={Saunders College Publishing}
}

@article{EngelKristensen2013,
author = {Engel, Michael S. and Kristensen, Niels P.},
title = {A History of Entomological Classification},
journal = {Annual Review of Entomology},
volume = {58},
number = {1},
pages = {585--607},
year = {2013},
doi = {10.1146/annurev-ento-120811-153536}
}

@misc{iczn,
author = {{International Commission on Zoological Nomenclature}},
title = {International Code of Zoological Nomenclature},
year = {2000},
howpublished = {\url{http://www.iczn.org/code}},
note = {4th edition, English}
}

@article{baum2008phylogenics,
  title={Phylogenics \& tree-thinking},
  author={Baum, David A and Offner, Susan},
  journal={The American Biology Teacher},
  volume={70},
  number={4},
  pages={222--229},
  year={2008},
  doi={10.1662/0002-7685(2008)70[222:PT]2.0.CO;2}
}

@misc{DWCaGuide,
author = {{Global Biodiversity Information Facility}},
year = {2011},
title = {{Darwin Core Archive Assistant User Guide, Version 1.1}},
howpublished = {\url{http://tools.gbif.org/dwca-assistant/gbif_dwc-a_asst_en_v1.1.pdf}},
note = {Accessed 5 October 2016}
}

%%%%%%% Non-Hexapod %%%%%%%
%%%%%%%%%%%%%%%%%%%%%%%%%%%

@book{bhlitem239255,
	title = {Exploration scientifique de l'Alg\'erie : pendant les ann\'ees 1840, 1841, 1842},
	volume = {Zoologie: Animaux articul\'es: Atlas (1849)},
	copyright = {Public domain. The BHL considers that this work is no longer under copyright protection},
	url = {https://www.biodiversitylibrary.org/item/239255},
	publisher = {Paris, Imprimerie royale, 1844--1867},
	author = {Ernest Carette and Emilien Renou and G\'erard Paul Deshayes and Hippolyte Lucas and Alphonse Guichenot and Victor Loche and Michel Charles Durieu de Maisonneuve and Ernest Cosson and Auguste-L\'eonce Ravergie and Adolphe Hedwige Alphonse Delamare and Jean Andr\'e Napol\'eon P\'erier and L\'eon Renier},
	year = {1849},
	pages = {262}
}

@article{Bernard1894solifugae,
author={Henry Meyners Bernard},
year={1894},
title={On two new species of \textit{Rhax}},
journal={Journal of Linnean Society London},
volume={24},
pages={361--363, Plate 26},
url={https://www.biodiversitylibrary.org/page/31653081}
}

@book{bhlitem114131,
	title = {Monograph of the North American Astacidæ},
	copyright = {Public domain. The BHL considers that this work is no longer under copyright protection.},
	url = {https://www.biodiversitylibrary.org/item/114131},
	publisher = {Cambridge University Press: Welch, Bigelow, \& Co.},
	author = {Hagen, Hermann August},
	year = {1870},
	pages = {156}
}

@Article{d13110568,
AUTHOR = {Sharma, Prashant P. and Ballesteros, Jesús A. and Santibáñez-López, Carlos E.},
TITLE = {What Is an “{A}rachnid”? Consensus, Consilience, and Confirmation Bias in the Phylogenetics of {C}helicerata},
JOURNAL = {Diversity},
VOLUME = {13},
YEAR = {2021},
NUMBER = {11},
ARTICLE-NUMBER = {568},
URL = {https://www.mdpi.com/1424-2818/13/11/568},
ISSN = {1424-2818},
DOI = {10.3390/d13110568}
}

@article{bhlitem30465Insects,
	journal = {Bulletin of the Museum of Comparative Zoology at Harvard College},
	volume = {108},
	url = {https://www.biodiversitylibrary.org/page/2802969},
	publisher = {Cambridge, Mass.},
	author = {Charles T. Brues AND A. L. Melander AND Frank M. Carpenter},
	copyright={Creative Commons BY-NC-SA 3.0},
	title = {Classification of insects},
	year = {1954},
	pages = {1--917}
}

@book{bhlitem148531crust,
	journal = {Annual report of the Regents},
	volume = {4},
	url = {https://www.biodiversitylibrary.org/item/148531},
	publisher = {Albany : J.B. Lyon, State Printer},
	author = {Clarke, John M.},
	title = {Higher {C}rustacea of {N}ew {Y}ork {C}ity},
	year = {1904},
	pages = {117--189}
}

@book{bhlitem117775chilo2,
	title = {Text book of zoology},
	url = {https://www.biodiversitylibrary.org/item/117775},
	publisher = {London : Sampson Low, Marston},
	author = {Boas, Johan Erik Vesti},
	year = {1896},
	pages = {584}
}

@book{bhlitem91180chilopod,
	title = {The zoological miscellany : being descriptions of new, or interesting animals},
	volume = {v.1 (1814)},
	url = {https://www.biodiversitylibrary.org/item/91180},
	publisher = {London : Printed by B. McMillan for E. Nodder \& Son and sold by all booksellers},
	author = {William Elford Leach AND Frederick Polydore Nodder AND Richard Polydore AND George Nodder},
	year = {1814},
	pages = {280}
}

@book{bhlitem94979diplopo,
	title = {Acari, Myriopoda et Scorpiones hucusque in Italia reperta},
	volume = {fasc.1 [Ordo Cryptostigmata (Sarcoptidae)] (1882--1897)},
	url = {https://www.biodiversitylibrary.org/item/94979},
	publisher = {Patavii : Sumptibus Auctoris},
	author = {Antonio Berlese AND Giovanni Canestrini AND Philippo Silvesri},
	year = {1882},
	pages = {254}
}

@book{bhlitem260979pseudo,
	title = {Die Arachniden Australiens nach der Natur beschrieben und abgebildet},
	volume = {1},
	url = {https://www.biodiversitylibrary.org/item/260979},
	publisher = {N\u"rnberg : Verlag von Bauer \& Raspe},
	author = {Ludwig Koch AND Eduard von Keyserling AND Eugen Keyserling AND Carl Koch},
	year = {1871},
	pages = {718}
}

@article{snodgrass1937morphology,
  title={Morphology of the insect abdomen. {Part III}. {T}he male genitalia (including arthropods other than insects)},
  author={Snodgrass, Robert Evans},
  journal={Smithsonian Miscellaneous Collections},
  volume = {95},
  issue = {14},
  year={1936},
  pages = {1--96},
  url = {https://www.biodiversitylibrary.org/page/24739695}
}

@book{bhlitem21199comstock,
	title = {The spider book; a manual for the study of the spiders and their near relatives, the scorpions, pseudoscorpions, whip-scorpions, harvestmen, and other members of the class Arachnida, found in America north of Mexico, with analytical keys for their classification and popular accounts of their habits},
	url = {https://www.biodiversitylibrary.org/item/21199},
	publisher = {Garden City, Doubleday, Page \& Company},
	author = {Comstock, John Henry},
	year = {1912},
	pages = {752}
}

@book{bhlitem132773acari,
	title = {The Acarina or mites. A review of the group for the use of economic entomologists},
	volume = {no.108},
	url = {https://www.biodiversitylibrary.org/item/132773},
	publisher = {Washington, D.C. : G.P.O.},
	author = {Banks, Nathan},
	year = {1915},
	pages = {150}
}

@book{bhlitem55834arach,
	title = {Die Arachniden : Getreu nach der Natur abgebildet und beschrieben},
	volume = {bd. 1 (1831)},
	url = {https://www.biodiversitylibrary.org/item/55834},
	publisher = {N\"urnberg : In der C. H. Zeh'schen Buchhandlung},
	author = {Koch, Carl Ludwig and Hahn, Carl Wilhelm},
	year = {1831},
	pages = {216}
}

@book{bhlitem155735cope,
	title = {British fresh-water Copepoda},
	volume = {v.1 (1931)},
	url = {https://www.biodiversitylibrary.org/item/155735},
	publisher = {London : Ray Society},
	author = {Gurney, Robert},
	year = {1931},
	pages = {308}
}

@book{bhlitem16837entom,
	title = {A text-book of entomology, including the anatomy, physiology, embryology and metamorphoses of insects, for use in agricultural and technical schools and colleges as well as by the working entomologist},
	url = {https://www.biodiversitylibrary.org/item/16837},
	publisher = {New York, The Macmillan company},
	author = {Packard, Alpheus Spring},
	year = {1898},
	pages = {762}
}

@article{bhlpart201070OnychLeg,
	title = {Memoirs: The Distribution and Classification of the {O}nychophora},
	journal = {Quarterly journal of microscopical science},
	volume = {52},
	url = {https://www.biodiversitylibrary.org/part/201070},
	publisher = {London,J. and A. Churchill [etc.]},
	author = {Sedgwick, Adam},
	year = {1908},
	pages = {379--406}
}

@book{bhlitem40112britmus,
	title = {Guide to the Crustacea, Arachnida, Onychophora and Myriopoda exhibited in the Department of Zoology, British Museum (Natural History)},
	url = {https://www.biodiversitylibrary.org/item/40112},
	publisher = {London : Printed by order of the Trustees},
	author = {{British Museum (Natural History)}},
	year = {1910},
	pages = {144}
}

@article{greb2006evolution,
  title={Evolution and importance of wetlands in earth history},
  author={Greb, Stephen F and DiMichele, William A and Gastaldo, Robert A},
  journal={Geological Society of America Special Papers},
  volume={399},
  pages={1--40},
  year={2006},
  doi = {10.1130/2006.2399(01)},
  publisher={Geological Society of America}
}

@article{Dunlop2010124,
title = {Geological history and phylogeny of Chelicerata},
journal = {Arthropod Structure \& Development},
volume = {39},
number = {2--3},
pages = {124--142},
year = {2010},
doi = {10.1016/j.asd.2010.01.003},
author = {Jason A. Dunlop}
}

@article{miyazawa2010,
author = {H. Miyazawa AND C. Ueda AND K. Yahata AND Z.-H. Su},
year = {2010},
title = {Molecular phylogeny of Myriapoda provides insights into evolutionary patterns of the mode in post-embryonic development},
journal = {Scientific Reports}, 
volume = {4},
issue = {4127},
pages = {1--9},
doi = {10.1038/srep04127}
}

%%%%%% Non-Pterygote %%%%%%
%%%%%%%%%%%%%%%%%%%%%%%%%%%

@book{bhlitem43892Lubbock,
	title = {Monograph of the Collembola and Thysanura},
	url = {https://www.biodiversitylibrary.org/item/43892},
	publisher = {London: Printed for the Ray Society},
	author = {Lubbock, John, Sir},
	year = {1873},
	pages = {456}
}

@article{bhlpart1409lepismat,
	title = {A New Thysanuran, and a Key to the Domestic Species of {L}epismatidae ({T}hysanura) found in the United States},
	journal = {Entomological news},
	volume = {51},
	url = {https://www.biodiversitylibrary.org/part/1409},
	publisher = {[Philadelphia] American Entomological Society, 1925-},
	copyright = {Creative Commons BY-NC-SA 3.0},
	author = {Slabaugh, Ruth E.},
	year = {1940},
	pages = {95--98}
}

@article{bhlpart57432hypo,
	title = {Collembola from {O}regon},
	journal = {Entomological news},
	volume = {73},
	url = {https://www.biodiversitylibrary.org/part/57432},
	publisher = {[Philadelphia] American Entomological Society, 1925-},
	author = {Scott, H. G.},
	year = {1962},
	pages = {237--241}
}

@article{bhlpart24527Protura,
	title = {Protura},
	journal = {Genera insectorum},
	volume = {211},
	url = {https://www.biodiversitylibrary.org/part/245273},
	publisher = {Bruxelles,L. Desmet-Verteneuil [etc.] 1902-1970.},
	author = {Paclt, J},
	year = {1955},
	pages = {1--37}
}

@article{bhlpart81512,
	title = {The origin and classification of the {A}pterygota},
	journal = {Proceedings of the Entomological Society of Washington},
	volume = {44},
	url = {https://www.biodiversitylibrary.org/part/81512},
	publisher = {Washington, etc. : Entomological Society of Washington},
	copyright = {Creative Commons BY-NC-SA 3.0},
	author = {Ewing, Henry Ellsworth},
	year = {1942},
	pages = {76--99}
}

@article{kristensen1981phylogeny,
  title={Phylogeny of insect orders},
  author={Kristensen, Niels P},
  journal={Annual review of entomology},
  volume={26},
  number={1},
  pages={135--157},
  year={1981},
  doi = {10.1146/annurev.en.26.010181.001031}
}

@article{bhlpart245273,
	title = {Diplura},
	journal = {Genera insectorum},
	volume = {212},
	copyright = {Not provided.  Contact contributing library to verify copyright status.},
	url = {https://www.biodiversitylibrary.org/part/245273},
	publisher = {Bruxelles,L. Desmet-Verteneuil [etc.] 1902-1970.},
	author = {Paclt, J},
	year = {1957},
	pages = {1--123}
}

@article{Yun2016,
	author = {Yun Bu and Yao Ma and Yun-Xia Luan},
	title = {\textit{Paracerell}a {Imadat\'e} in {China}: the description of a new species and the analysis of genetic differences between populations ({Protura, Acerentomata, Nipponentomidae})},
	volume = {604},
	number = {},
	year = {2016},
	publisher = {Pensoft Publishers},
	pages = {1--11},
	URL = {https://doi.org/10.3897/zookeys.604.8737},
	copyright = {Creative Commons Attribution License (CC BY 4.0)},
	journal = {ZooKeys}
}

@article {SotoAdames501,
	author = {Soto-Adames, Felipe N. and Barra, Jean-Auguste and Christiansen, Kenneth and Jordana, Rafael},
	title = {Suprageneric Classification of {Collembola Entomobryomorpha}},
	volume = {101},
	number = {3},
	pages = {501--513},
	year = {2008},
	doi = {10.1603/0013-8746(2008)101[501:SCOCE]2.0.CO;2},
	publisher = {The Oxford University Press},
	journal = {Annals of the Entomological Society of America}
}

@article{bhlpart35427,
title = {Classification of Insects. A key to the known families of insects and other terrestrial arthropods},
journal = {Bulletin of the Museum of Comparative Zoology at Harvard College},
volume = {73},
copyright = {Creative Commons BY-NC-SA 3.0},
url = {http://www.biodiversitylibrary.org/part/35427},
publisher = {Cambridge, Mass. The Museum of Comparative Zoology},
author = {Brues, Charles T. and Melander, A. L.},
year = {1932},
pages = {1--672}
}


%%%%%%% Paleoptera %%%%%%%%
%%%%%%%%%%%%%%%%%%%%%%%%%%%

@book{bhlitem81095ephem,
	title = {Bulletin of the Bureau of Fisheries},
	volume = {v.36 (1917--1918)},
	url = {https://www.biodiversitylibrary.org/item/81095},
	publisher = {Washington, D.C. : Govt. Print. Off., 1905-1950},
	author = {{United States Bureau of Fisheries}},
	year = {1918},
	pages = {734}
}

@article{bhlpart204280odelarva,
	title = {Further Observations on the Functional Morphology of the Head and Mouthparts of Dragonfly Larvae (Odonata)},
	journal = {Quaestiones entomologicae},
	volume = {12},
	copyright = {CC BY-NC},
	url = {https://www.biodiversitylibrary.org/part/204280},
	author = {Gordon Pritchard},
	year = {1976},
	pages = {89--114}
}

@book{bhlitem82229,
	title = {Illustrations of exotic entomology : containing upwards of six hundred and fifty figures and descriptions of foreign insects, interspersed with remarks and reflections on their nature and properties},
	volume = {v.1-3 (1837)},
	url = {https://www.biodiversitylibrary.org/item/82229},
	publisher = {London : Henry G. Bohn},
	author = {Dru Drury AND John Obadiah Westwood},
	year = {1837},
	pages = {978}
}

@article{aeshnaNorthAmerica,
author = {Walker, Edmund Murton},
journal = {University of Toronto studies. Biological series},
year = {1912},
title = {The {N}orth {A}merican dragonflies of the genus \textit{Aeshna}},
volume = {11},
pages = {1--213, Plates 1--28},
url = {https://www.biodiversitylibrary.org/page/26340251}
}

@article{bhlpart97188ephem,
	title = {The mayflies, or Ephemeroptera, of Illinois},
	journal = {Illinois Natural History Survey Bulletin},
	volume = {26},
	url = {https://www.biodiversitylibrary.org/part/97188},
	publisher = {Urbana, State of Illinois, Dept. of Registration and Education, Natural History Survey Division,1918--1985},
	author = {Burks, Barnard DeWitt},
	year = {1953},
	pages = {1--216}
}

@article{kristensen1981phylogeny,
  title={Phylogeny of insect orders},
  author={Kristensen, Niels P},
  journal={Annual review of entomology},
  volume={26},
  number={1},
  pages={135--157},
  year={1981},
  doi = {10.1146/annurev.en.26.010181.001031}
}

@book{bhl29875,
title = {A monograph of the Plecoptera or stoneflies of America north of Mexico},
doi = {https://doi.org/10.5962/bhl.title.6826},
address = {LaFayette, Ind.},
publisher = {Entomological Society of America},
author = {Needham, James G. and Claassen, Peter Walter},
year = {1925},
pages = {412}
}

@book{comstock1918wings,
  title={The wings of insects: an exposition of the uniform terminology of the wing veins of insects and a discussion of the more general characteristics of the wings of the several orders of insects},
  author={Comstock, John Henry},
  year={1918},
  publisher={Comstock Publishing Company},
  DOI = {10.5962/bhl.title.54605},
  address={Ithaca, New York}
}

@article {Misof763,
	author = {Misof, Bernhard and Liu, Shanlin and Meusemann, Karen and Peters, Ralph S. and Donath, Alexander and Mayer, Christoph and Frandsen, Paul B. and Ware, Jessica and Flouri, Tom{\'a}{\v s} and Beutel, Rolf G. and Niehuis, Oliver and Petersen, Malte and Izquierdo-Carrasco, Fernando and Wappler, Torsten and Rust, Jes and Aberer, Andre J. and Asp{\"o}ck, Ulrike and Asp{\"o}ck, Horst and Bartel, Daniela and Blanke, Alexander and Berger, Simon and B{\"o}hm, Alexander and Buckley, Thomas R. and Calcott, Brett and Chen, Junqing and Friedrich, Frank and Fukui, Makiko and Fujita, Mari and Greve, Carola and Grobe, Peter and Gu, Shengchang and Huang, Ying and Jermiin, Lars S. and Kawahara, Akito Y. and Krogmann, Lars and Kubiak, Martin and Lanfear, Robert and Letsch, Harald and Li, Yiyuan and Li, Zhenyu and Li, Jiguang and Lu, Haorong and Machida, Ryuichiro and Mashimo, Yuta and Kapli, Pashalia and McKenna, Duane D. and Meng, Guanliang and Nakagaki, Yasutaka and Navarrete-Heredia, Jos{\'e} Luis and Ott, Michael and Ou, Yanxiang and Pass, G{\"u}nther and Podsiadlowski, Lars and Pohl, Hans and von Reumont, Bj{\"o}rn M. and Sch{\"u}tte, Kai and Sekiya, Kaoru and Shimizu, Shota and Slipinski, Adam and Stamatakis, Alexandros and Song, Wenhui and Su, Xu and Szucsich, Nikolaus U. and Tan, Meihua and Tan, Xuemei and Tang, Min and Tang, Jingbo and Timelthaler, Gerald and Tomizuka, Shigekazu and Trautwein, Michelle and Tong, Xiaoli and Uchifune, Toshiki and Walzl, Manfred G. and Wiegmann, Brian M. and Wilbrandt, Jeanne and Wipfler, Benjamin and Wong, Thomas K. F. and Wu, Qiong and Wu, Gengxiong and Xie, Yinlong and Yang, Shenzhou and Yang, Qing and Yeates, David K. and Yoshizawa, Kazunori and Zhang, Qing and Zhang, Rui and Zhang, Wenwei and Zhang, Yunhui and Zhao, Jing and Zhou, Chengran and Zhou, Lili and Ziesmann, Tanja and Zou, Shijie and Li, Yingrui and Xu, Xun and Zhang, Yong and Yang, Huanming and Wang, Jian and Wang, Jun and Kjer, Karl M. and Zhou, Xin},
	title = {Phylogenomics resolves the timing and pattern of insect evolution},
	volume = {346},
	number = {6210},
	pages = {763--767},
	year = {2014},
	doi = {10.1126/science.1257570},
	journal = {Science}
}

%%%%%% Polyneoptera %%%%%%%
%%%%%%%%%%%%%%%%%%%%%%%%%%%

@article{mantidPreservation,
	author = {Sydney K. Brannoch and Frank Wieland and Julio Rivera and Klaus-Dieter Klass and Olivier Béthoux and Gavin J. Svenson},
	title = {Manual of praying mantis morphology, nomenclature, and practices ({Insecta, Mantodea})},
	volume = {696},
	number = {},
	year = {2017},
	doi = {10.3897/zookeys.696.12542},
	publisher = {Pensoft Publishers},
	issn = {1313-2989},
	pages = {1-100},
	journal = {ZooKeys}
}

@misc{orthspecfile,
    author = {M.M. Cigliano AND H. Braun AND D.C. Eades AND D. Otte}, 
    title = {Orthoptera Species File. Version 5.0/5.0},
    year = {2024},
    note = {Available at \url{http://Orthoptera.SpeciesFile.org} Accessed 13 May 2024} 
}

@article{BaiCryptocercid,
author = {Qikun Bai and Lili Wang and Zongqing Wang and Nathan Lo and Yanli Che},
title = {{Exploring the diversity of Asian \textit{Cryptocercus} (Blattodea: Cryptocercidae): species delimitation based on chromosome numbers, morphology and molecular analysis}},
volume = {32},
journal = {Invertebrate Systematics},
number = {1},
publisher = {CSIRO Publishing},
pages = {69--91},
keywords = {ABGD, biogeography, DNA barcode, GMYC, Hengduan Mountains, woodroach},
year = {2018},
doi = {10.1071/IS17003}
}

@book{bhlitem105840ross,
	title = {How to collect and preserve insects},
	volume = {39},
	copyright = {Not provided. Contact contributing library to verify copyright status.},
	url = {https://www.biodiversitylibrary.org/item/105840},
	publisher = {Natural History Survey, Urbana, 1962},
	author = {Herbert Holdsworth Ross},
	year = {1962},
	pages = {88}
}

@article{eisner1960defense,
  title={Defense mechanisms of arthropods. {II. The} chemical and mechanical weapons of an earwig},
  author={Eisner, T},
  journal={Psyche},
  volume={67},
  number={3},
  pages={62--70},
  year={1960},
  url = {https://www.biodiversitylibrary.org/page/50907874},
  publisher={Cambridge Entomological Club}
}

@article{zompro2002review,
  title={A review of the order {Mantophasmatodea (Insecta)}},
  author={Zompro, Oliver and Adis, Joachim and Weitschat, Wolfgang},
  journal={Zoologischer Anzeiger-A Journal of Comparative Zoology},
  volume={241},
  number={3},
  pages={269--279},
  year={2002},
  publisher={Elsevier},
  url={https://doi.org/10.1078/0044-5231-00080}
}

@article{walker1914new,
  title={A new species of {Orthoptera}, forming a new genus and family},
  author={Walker, EM},
  journal={The Canadian Entomologist},
  volume={46},
  number={3},
  pages={93--99},
  year={1914},
  publisher={Cambridge University Press},
  url={https://doi.org/10.4039/Ent4693-3}
}


@book{bhlitem16801,
	title = {A manual for the study of insects},
	url = {https://www.biodiversitylibrary.org/item/16801},
	publisher = {Ithaca, N. Y., Comstock Pub. Co.},
	author = {John Henry Comstock  and Anna Botsford Comstock},
	year = {1895},
	pages = {736},
	keywords = {Insects}
}

@book{kellogg1906american,
  title={American Insects, 3rd Ed.},
  author={Kellogg, Vernon Lyman},
  year={1914},
  publisher={Holt, New York},
  url = {https://doi.org/10.5962/bhl.title.28082}
}

@book{leunis1877synopsis,
  title={Synopsis der {P}flanzenkunde: ein {H}andbuch f{\"u}r h{\"o}here {L}ehranstalten und f{\"u}r alle, welche sich wissenschaftlich mit der naturgeschichte der {P}flanzen besch{\"a}ftigen wollen},
  author={Leunis, Johannes and Frank, Albert Bernhard},
  volume={1},
  year={1877},
  publisher={Hahn},
  url={https://archive.org/details/drjohannesleuni02leun/page/517/mode/1up}
}

@book{bhlitem15767,
	url = {https://www.biodiversitylibrary.org/page/36038462},
	publisher = {K{\o}benhavn, G.E.C. Gad.},
    title={Kakerlakker, graeshopper og{\textperiodcentered} orentviste},
    author={Holst, Knud Th},
    copyright = {NOT IN COPYRIGHT},
    year={1970},
	pages = {220}
}

@book{bhlitem126080aquatic,
	title = {Aquatic insects of California, with keys to North American genera and California species},
	copyright = {Copyright either not claimed or not renewed; item is in the public domain},
	url = {https://www.biodiversitylibrary.org/item/126080},
	publisher = {Berkeley, University of California Press},
	author = {Usinger, Robert Leslie},
	year = {1956},
	pages = {528}
}

@article{orszagh2010ucholaky,
  title={Ucholaky (Dermaptera) Slovenska/Earwigs (Dermaptera) of Slovakia},
  author={Orsz{\'a}gh, IVAN and Fedor, PETER and Vidli{\v{c}}ka, L'UBOM{\'I}R and Majzlan, O},
  journal={Univerzita Komensk{\'e}ho, Bratislava},
  year={2010}
}

@book{bhl129194,
title = {Cockroaches},
volume = {ser. 2: no. 51},
publisher = {U.S. Dept. of Agriculture, Division of Entomology},
address = {Washington, D.C.},
author = {Marlatt, Charles Lester},
year = {1902},
url={https://www.biodiversitylibrary.org/page/41388642},
pages = {1--15}
}

@book{bhl26431,
title = {Nouveau syst\`{e}me des blattaires},
publisher = {G. Braum\"uller},
address = {Vienna},
author = {Brunner von Wattenwyl, Karl},
year = {1865},
doi = {10.5962/bhl.title.5652},
pages = {472}
}

@book{bhl18655,
title = {Illustrations of North American entomology},
doi = {10.5962/bhl.title.2173},
publisher = {J. S. Tomlinson},
address = {Washington, D. C.},
author = {Glover, Townend},
year = {1872},
pages = {94}
}

@book{bhl24070,
title = {Natural history of {Victoria}. Prodromus of the zoology of {Victoria}; or, Figures and descriptions of the living species of all classes of the {Victorian} indigenous animals},
volume = {Decade 11-15},
doi = {10.5962/bhl.title.4821},
note = {Issued in 20 parts, 1878--90},
publisher = {J. Ferres, government printer},
address = {Melbourne},
author = {McCoy, Frederick},
year = {1885--87},
pages = {394}
}

@article{bhlpart32187,
title = {Zoraptera not an apterous Order},
journal = {Proceedings of The Entomological Society of Washington},
volume = {22},
issue = {5},
url = {http://www.biodiversitylibrary.org/part/32187},
author = {Caudell, A. N.},
year = {1920},
pages = {84--97},
}

@book{bhl37580,
title = {Embiidinen},
url = {http://www.biodiversitylibrary.org/item/37580},
publisher = {Bruxelles},
author = {Enderlein, G\"{u}nther},
year = {1912},
pages = {146},
note = {Series: Selys-Longchamps, Edmond de, Baron, 1813-1900. Collections zoologiques; catalogue systematique et descriptif, fasc. 3, pt. 1}
}

@article{engelDerm,
author = {Michael S. Engel},
title = {The earwigs of {K}ansas, with a key to genera north of {M}exico ({I}nsecta: {D}ermaptera)},
year = {2003},
journal = {Transactions of the Kansas Academy of Science},
volume = {106},
pages = {115--123},
doi = {10.1660/0022-8443(2003)106[0115:TEOKWA]2.0.CO;2}
}

@article {Fulton357,
	author = {Fulton, B. B.},
	title = {Some habits of earwigs},
	volume = {17},
	number = {4},
	pages = {357--367},
	year = {1924},
	doi = {10.1093/aesa/17.4.357},
	journal = {Annals of the Entomological Society of America}
}

%%%%%%%% Acercaria %%%%%%%%
%%%%%%%%%%%%%%%%%%%%%%%%%%%

@article{deyrup2004natural,
  title={Natural history of the flat bug \textit{Aradus gracilicornis} in fire-killed pines ({Heteroptera: Aradidae})},
  author={Deyrup, Mark and Mosley, Jackson G},
  journal={Florida Entomologist},
  volume={87},
  number={1},
  pages={79--81},
  year={2004},
  publisher={BioOne},
  doi={10.1653/0015-4040(2004)087[0079:NHOTFB]2.0.CO;2}
}

@article{distant1904fauna,
  title={Rhynchota},
  author={Distant, William Lucas and others},
  journal={The Fauna of British India including Ceylon and Burma},
  year={1904},
  volume={2},
  url={https://www.biodiversitylibrary.org/page/12703973},
  publisher={Taylor and Francis}
}

@book{chandler1922animal,
  title={Animal parasites and human disease},
  author={Chandler, Asa Crawford},
  year={1922},
  url={https://doi.org/10.5962/bhl.title.60894},
  publisher={J. Wiley}
}

@book{bhlitem49342,
	title = {Dysodiidae i Aradidae},
	url = {https://www.biodiversitylibrary.org/item/49342},
	publisher = {St. Peterburg : Tip. Imp. Akademii nauk},
	author = {Kirichenko, Aleksandr Nikolaevich},
	year = {1913},
	pages = {336},
	keywords = {Aradidae|Hemiptera}
}

@article{bhlitem37577,
	title = {Copeognatha},
	url = {https://www.biodiversitylibrary.org/item/37577},
	journal = {Collections Zoologiques du baron Edm. de Selys Longchamps},
	volume = {3},
	issue = {2},
	author = {Enderlein, G\"unther},
	year = {1915},
	pages = {1--55 + 5 plates},
	keywords = {Psocoptera|}
}

@Book{Howard029686434,
author={Howard, L. O. (Leland Ossian)
and Chittenden, F. H. (Frank Hurlbut)
and Marlatt, C. L.
and of Entomology, United States Division},
title={The principal household insects of the United States},
series={Bulletin ; no. 4, new series, revised edition},
year={1902},
edition={Rev. ed.},
publisher={Govt. Print. Office},
address={Washington},
url={https://archive.org/details/prinhou00unit},
language={English}
}



@book{bhlitem16791elementary,
	title = {Elementary entomology},
	copyright = {Public domain.  The BHL considers that this work is no longer under copyright protection},
	url = {https://www.biodiversitylibrary.org/item/16791},
	publisher = {Boston, Ginn and Company},
	author = {Sanderson, Dwight and Jackson, C. F.},
	year = {1912},
	pages = {392},
	keywords = {Insects}
}

@article{chittenden1899some,
  title={Some Insects Injurious to Garden and Orchard Crops: A Series of Articles Dealing with Insects of this Class},
  author={Chittenden, Frank Hurlbut},
  journal = {Bulletin of the U.S. Dept. of Agriculture, Division of Entomology},
  pages = {5--99},
  volume={19},
  year={1899},
  publisher={US Department of Agriculture, Division of Entomology},
  url={https://www.biodiversitylibrary.org/page/41938018}
}

@book{bhlitem45622,
	title = {Annual report of the Entomologist of the State Experiment Station of the University of Minnesota, to the Governor for the year 1900},
	volume = {6 (1900)},
	copyright = {NOT_IN_COPYRIGHT},
	url = {https://www.biodiversitylibrary.org/item/45622},
	publisher = {Delano : Eagle Print. Co.},
	author = {{University of Minnesota. State Experiment Station}},
	year = {1900},
	pages = {276}
}

@article{snodgrass1944feeding,
  title={The feeding apparatus of biting and sucking insects affecting man and animals},
  author={Snodgrass, Robert Evans},
  journal={Smithsonian Miscellaneous Collections},
  year={1944},
  volume = {104},
  pages = {2--113},
  url = {https://www.biodiversitylibrary.org/page/27082624}
}

@book{bhlitem140074,
	title = {A preliminary report on the Protozoa of the fresh waters of Connecticut},
	volume = {no.2 (1905)},
	copyright = {Not provided.  Contact Contributing Library to verify copyright status.},
	url = {https://www.biodiversitylibrary.org/item/140074},
	publisher = {Hartford press, The Case, Lockwood \& Brainard company},
	author = {Conn, Herbert William},
	year = {1905},
	pages = {152},
	keywords = {Connecticut|Freshwater animals|Protozoa}
}

@article{prins1984morphological,
  title={Morphological and biological notes on some {S}outh {A}frican arthropods associated with decaying organic matter. {II}: the predatory families {C}arabidae, {H}ydrophilidae, {H}isteridae, {S}taphylinidae and {S}ilphidae ({C}oleoptera)},
  author={Prins, AJ},
  journal={Annals of the South African Museum},
  volume={92},
  copyright = {Creative Commons BY-NC-SA 3.0},
  number={4},
  pages={295--356},
  year={1984},
  url={https://www.biodiversitylibrary.org/page/40685682}
}

@article{britton1923hemiptera,
  title={Hemiptera, Or Sucking Insects of {C}onnecticut},
  author={Britton, Wilton Everett},
  volume={34},
  year={1923},
  copyright = {Public Domain},
  url = {https://www.biodiversitylibrary.org/page/35479318},
  journal={Bulletin of the State Geological and Natural History Survey}
}

@book{bhlitem33127,
	title = {Biology of the {M}embracidae of the {C}ayuga {L}ake basin},
	copyright = {NOT_IN_COPYRIGHT},
	url = {https://www.biodiversitylibrary.org/item/33127},
	publisher = {Ithaca, N.Y.},
	author = {Funkhouser, William Delbert},
	year = {1917},
	pages = {290},
	keywords = {Membracidae|}
}

@article{runner1923three,
  title={The three-banded grape leafhopper and other leafhoppers injuring grapes},
  author={Runner, GA and Bliss, CI},
  journal={Journal of Agricultural Research},
  volume={26},
  number={9},
  pages={419--424},
  year={1923},
  url={https://naldc.nal.usda.gov/download/IND43966503/PDF}
}

@article{bhlitem192425,
	title = {Fumigation for the citrus white fly, as adapted to {F}lorida conditions},
	volume = {new ser.: no.76 (1908)},
	copyright = {The contributing institution believes that this item is not in copyright},
	journal = {Bulletin of the United States Bureau of Entomology},
	url = {https://www.biodiversitylibrary.org/item/192425},
	publisher = {Washington : G.P.O.},
	author = {{United States Bureau of Entomology}},
	year = {1908},
	pages = {94}
}

@misc{ScaleNet,
	author = {D. Miller and A. Rung and G. Parikh and G. Venable and A.J. Redford and G.A. Evans and R.J. Gill},
	title = {Scale {I}nsects, {E}dition 2. {USDA APHIS} {I}dentification {T}echnology {P}rogram ({ITP})},
	url = {http://idtools.org/id/scales/},
	year = {2014},
	address = {Fort Collins, CO},
	note = {Whole body (slide-mounted specimen) images by Alessandra Rung. Accessed 10 May 2016}
}

@book{bhl128276,
title = {Insects, their ways and means of living},
copyright = {NOT_IN_COPYRIGHT},
url = {http://www.biodiversitylibrary.org/item/128276},
publisher = {New York Smithsonian Institution series},
author = {Snodgrass, R. E.},
year = {1930},
pages = {431}
}

@article{minaei2013,
    doi = {10.3897/zookeys.275.4433},
    year = 2013,
    volume = {275},
    pages = {91--99},
    copyright = {CC BY},
    author = {Kambiz Minaei and Maryam Aleosfoor},
    title = {A new species of \textit{{H}aplothrips} from southern {I}ran ({T}hysanoptera, {P}hlaeothripidae)},
    journal = {Zoo{K}eys}
} 

@article{bhlpart17516,
title = {Notes on {N}orth {A}merican {P}syllidae},
journal = {Proceedings of the Entomological Society of Washington},
volume = {6},
url = {http://www.biodiversitylibrary.org/part/17516},
author = {Schwarz, Eugene Amandus},
year = {1904},
pages = {234--245}
}

@book{bhl33187,
title = {Aid to the identification of insects / edited by Charles Owen Waterhouse. },
volume = {1},
url = {http://www.biodiversitylibrary.org/item/33187},
doi = {10.5962/bhl.title.7924},
publisher = {E.W. Janson,},
address = {London},
author = {Waterhouse, Charles Owen},
year = {1880},
pages = {230}
}

@book{bhl79792,
title = {A monograph of the Membracidae, by George Bowdler Buckton. To which is added a paper entitled Suggestions as to the meaning of the shapes and colours of the Membracidae in the struggle for existence, by Edward B. Poulton},
url = {http://www.biodiversitylibrary.org/item/79792},
note = {Issued in 6 parts, 1901-03},
publisher = {London, L. Reeve \& co., limited},
author = {George Bowdler Buckton and Edward Bagnall Poulton},
year = {1901},
pages = {562}
}

@book{bhl37902,
title = {Histoire naturelle de la {F}rance. par L. Fairmaire. 11e partie, H\'emipt\'eres ({P}unaises, {C}igales, {P}ucerons, {C}ochenilles, \textit{etc}.)},
volume = {11},
url = {http://www.biodiversitylibrary.org/item/37902},
note = {At head of title: Mus\'ee Scolaire Deyrolle.},
publisher = {\'{E}mile Deyrolle},
address = {Paris},
author = {L\'eon Fairmaire and Mus\'ee Scolaire Deyrolle},
year = {1884},
doi = {10.5962/bhl.title.9324},
pages = {246}
}


@book{bhl132930,
title = {Verzeichniss der in der {S}chweiz einheimischen {R}hynchoten. ({H}emiptera {L}inn)},
doi = {10.5962/bhl.title.66040},
publisher = {Solothurn, Verlag von Jent und Gassmann},
author = {Meyer-Duer, L. Rudolf},
year = {1843},
pages = {138}
}

@book{bhl45742,
title = {Faunae insectorum {G}ermanicae initia, oder, {D}eutschlands {I}nsecten. von {G.W.F}. {P}anzer. {H}emiptera},
note = {Panzer's plates and their letterpress descriptions are mounted on blank leaves facing each other, with 2 plates or 2 letterpress descriptions combined on each leaf. --- Plates signed by Jakob Sturm. --- Cf. {H.A. H}agen, {B}ib. entomologica, Bd. 2, Seite 27, Nr. 6; BM (Nat. hist.) v. 4, p. 1510.},
publisher = {Felsecker},
address = {Nuremberg},
author = {Georg Wolfgang Franz Panzer and Jakob Sturm},
year = {1793--1809},
pages = {256}
}

@book{bhl45818,
title = {The {H}emiptera {H}eteroptera of the {B}ritish {I}slands: a descriptive account of the families, genera, and species indigenous to Great Britain and Ireland : with notes as to localities, habitats, etc.},
publisher = {L. Reeve \& Co.,},
address = {London},
author = {Saunders, Edward},
year = {1892},
pages = {496}
}

@book{bhl14630,
title = {Biologia {C}entrali-{A}mericana: zoology, botany and archaeology; edited by Frederick Ducane Godman and Osbert Salvin},
volume = {v.1 Insecta. Rhynchota. Hemiptera-Heteroptera. Pentatomid\ae. Coreid\ae. Lyg\ae{}id\ae. Pyrrhocorid\ae. Capsid},
url = {http://biodiversitylibrary.org/page/594672},
publisher = {Published for the editors by R. H. Porter},
address = {London},
author = {Frederick Du Cane Godman and Maud Horman-Fisher and H. Knight and Osbert Salvin and G. S. Saunders and M. v. Schlereth and M. A. Sharp and Edwin Wilson and Bale \& Danielsson and Th. Bannwarth and Cambridge Scientific Instrument Company and Hanhart and Mintern Bros. and W. Purkiss and Taylor \& Francis},
year = {1880--1893},
pages = {517}
}

@article {Spooner121,
	author = {Spooner, C. S.},
	title = {A Note on the Mouthparts of the {A}radidae},
	volume = {13},
	number = {1},
	pages = {121--122},
	year = {1920},
	doi = {10.1093/aesa/13.1.121},
	journal = {Annals of the Entomological Society of America}
}

@book{bhlitem108079scale,
	title = {Two common scale-insects of the orchard : the scurfy bark-louse, the oyster-shell bark-louse},
	url = {https://www.biodiversitylibrary.org/item/108079},
	publisher = {[New Haven] Connecticut Agricultural Experiment Station,},
	author = {Wilton Everett Britton},
	year = {1903},
	pages = {18}
}

@book{bhlitem83394thrips,
	title = {The pear thrips (\textit{Euthrips pyri})},
	url = {https://www.biodiversitylibrary.org/item/83394},
	publisher = {California State Commission of Horticulture. Sacramento, W.W. Shannon, supt. state printing},
	author = {Dudley Moulton},
	year = {1905},
	pages = {20}
}


%%%%% Larvae / Pupae %%%%%%
%%%%%%%%%%%%%%%%%%%%%%%%%%%
@book{bhlitem92397tringulin,
	title = {Economic entomology for the farmer and fruit-grower},
	url = {https://www.biodiversitylibrary.org/item/92397},
	publisher = {Philadelphia and London, J. B. Lippincott company [c1906]},
	author = {John Bernhard Smith},
	year = {1906},
	pages = {524}
}

@book{stehr1987immature,
  title={Immature insects},
  author={Frederic W. Stehr},
  publisher={Kendall Hunt, Dubuque, IA},
  year={1987},
  volume={1}
}

@article{walsh2004hellgrammite,
  title={The Hellgrammite Fly (\textit{Corydalis cornutus}, {L}inn.)},
  author={B. D. Walsh and Charles Valentine Riley},
  journal={American Entomologist},
  volume={1},
  number={4},
  pages={61--62},
  year={1868},
  publisher={Oxford University Press Oxford, UK}
}

@article{bhlpart193556,
	title = {Life History and Biological Notes on \textit{Chlaenius impunctifrons} {Say. (Coleoptera, Carabidae)}},
	journal = {Annals of the Entomological Society of America},
	volume = {12},
	url = {https://www.biodiversitylibrary.org/part/193556},
	author = {Peter Walter Claassen},
	year = {1919},
	pages = {95--100}
}

@book{bhlitem36654Larvae,
	title = {De metamorphosi eleutheratorum observationes : bidrag til insekternes udviklingshistorie},
	volume = {v.2 (1873--1883) Plates},
	url = {https://www.biodiversitylibrary.org/page/39691516},
	publisher = {Kjøbenhavn : Thieles Bogtrykkeri},
	author = {Jørgen Matthias Christian Schiødte},
	year = {1873--1883},
	pages = {558}
}

@book{bhlitem130205scarab,
	title = {Characters useful in distinguishing larvae of \textit{Popillia japonica} and other introduced {Scarabaeidae} from native species},
	volume = {334},
	url = {https://www.biodiversitylibrary.org/item/130205},
	publisher = {Washington, D.C. : U.S. Dept. of Agriculture},
	author = {Robert J. Sim},
	year = {1934},
	pages = {24}
}

@article{fawcett1901notes,
  title={Notes on the Transformations of some {South-African Lepidoptera}},
  author={J Malcolm Fawcett},
  journal={The Transactions of the Zoological Society of London},
  volume={15},
  number={6},
  pages={291--322, plates VI--VIII},
  year={1901},
  url={https://www.biodiversitylibrary.org/page/33729877}
}

@book{bhlitem34045maggot,
	title = {The anatomy, physiology, morphology and development of the blow-fly (\textit{Calliphora erythrocephala}), A study in the comparative anatomy and morphology of insects; with plates and illustrations executed directly from the drawings of the author},
	volume = {1 (1890-1892)},
	copyright = {NOT_IN_COPYRIGHT},
	url = {https://www.biodiversitylibrary.org/item/34045},
	publisher = {London, Published for the author by R. H. Porter},
	author = {Benjamin Thompson Lowne},
	year = {1890},
	pages = {416}
}

@book{bhlitem49255,
	title = {Mosquito life; the habits and life cycles of the known mosquitoes of the United States; methods for their control; and keys for easy identification of the species in their various stages},
	url = {https://www.biodiversitylibrary.org/item/49255},
	publisher = {New York, G. P. Putnams sons},
	author = {Evelyn Groesbeeck Mitchell and James William Dupree},
	year = {1907},
	pages = {342}
}

%%%%%%% Hymenoptera %%%%%%%
%%%%%%%%%%%%%%%%%%%%%%%%%%%

@article{forbes2018quantifying,
  title={Quantifying the unquantifiable: why Hymenoptera, not Coleoptera, is the most speciose animal order},
  author={Forbes, Andrew A and Bagley, Robin K and Beer, Marc A and Hippee, Alaine C and Widmayer, Heather A},
  journal={BMC Ecology},
  volume={18},
  pages={1--11},
  year={2018},
  publisher={Springer},
  doi={10.1186/s12898-018-0176-x}
}

@article{nearcticChalcidoids,
author = {Eric E. Grissell AND Michael E. Schauff},
title = {A handbook of the families of {Nearctic Chalcidoidea (Hymenoptera)}},
journal = {Entomological Society of Washington (Washington, D.C.) Handbook},
year = {1990},
volume = {1},
pages = {1-85}
}

@book{goulet1993hymenoptera,
  title={Hymenoptera of the world: an identification guide to families},
  author={Goulet, Henri and Huber, John T and others},
  year={1993},
  publisher={Research Branch, Agriculture Canada},
  url = {https://cfs.nrcan.gc.ca/publications?id=35617},
  note = {Our reproduction of the illustrations from this work is not produced in affiliation with, or with the endorsement of the Government of Canada.}
}

@article{MullinsEtAl2012,
    doi = {10.3897/zookeys.223.3572},
    year = {2012},
    volume = {223},
    pages = {1--38},
    author = {Patricia Mullins and Ricardo Kawada and James Balhoff and Andrew R. Deans},
    title = {A revision of \textit{{E}vaniscus} ({H}ymenoptera, {E}vaniidae) using ontology-based semantic phenotype annotation},
    journal = {ZooKeys}
} 

%%%%%% Coleopterida %%%%%%%
%%%%%%%%%%%%%%%%%%%%%%%%%%%

@book{bhlitem35775,
	title = {Physis : receuil d'histoire naturelle / par m. James Thomson},
	volume = {1860},
	url = {https://www.biodiversitylibrary.org/item/35775},
	publisher = {Paris, Au bureau du tr\'esorier de la Soci\'et\'e entomologique de France, 1867--1869},
	author = {James Livingston Thomson},
	year = {1860},
	pages = {506}
}


@book{bhlitem103087,
	title = {Longicornes},
	volume = {v.1},
	copyright = {Public domain. The Library considers that this work is no longer under copyright protection},
	url = {https://www.biodiversitylibrary.org/item/103087},
	publisher = {Bruxelles},
	author = {Auguste Lameere},
	year = {1903},
	pages = {146}
}


@article{heller1918beitrag,
  title={Beitrag zur Kenntnis der Erotyliden der indo-australischen Region mit besonderer Ber{\"u}cksichtigung der philippinischen Arten},
  author={K. M. Heller},
  year={1918},
  journal = {Archiv f\"ur Naturgeschichte},
  volume = {84},
  issue = {8},
  pages = {1--121},
  url = {https://www.biodiversitylibrary.org/page/45502800},
  publisher={Nicolaische Verlags-Buchhandlung R. Stricker}
}

@book{bhlitem64043,
	title = {Indian forest insects of economic importance. Coleoptera},
	copyright = {NOT_IN_COPYRIGHT},
	url = {https://www.biodiversitylibrary.org/item/64043},
	publisher = {London, Eyre \& Spottiswoode},
	author = {Edward Percy Stebbing},
	year = {1914},
	pages = {832}
}

@book{bhlitem240513beetles,
	title = {Zhuki Rossii i zapadnoĭ Evropy : rukovodstvo k opredeleniiu zhukov G. G. Iakobsona},
	volume = {plates (1905--1912)},
	copyright = {Public domain. The BHL considers that this work is no longer under copyright protection},
	url = {https://www.biodiversitylibrary.org/item/240513},
	publisher = {St. Petersburg, Devrien, 1905--1915},
	author = {Georgiĭ Georgievich Iakobson},
	year = {1905},
	pages = {178},
	keywords = {Beetles|Europe|Soviet Union|}
}

@book{bhlitem38099,
	title = {Entomologica Americana},
	volume = {v.1 (1885-1886)},
	copyright = {NOT_IN_COPYRIGHT},
	url = {https://www.biodiversitylibrary.org/item/38099},
	publisher = {[Lawrence, Kan., etc.], New York Entomological Society [etc.]},
	author = {{Brooklyn Entomological Society and New York Entomological Society}},
	year = {1885},
	pages = {256}
}

@book{bhlitem14604,
	title = {Biologia Centrali-Americana : zoology, botany and archaeology  },
	volume = {Insecta. Coleoptera. v. 3. pt. 1. Serricornia: Buprestidae by C. O. Waterhouse; Throscidae and Eucnom},
	copyright = {Public domain.  The BHL considers that this work is no longer under copyright protection.},
	url = {https://www.biodiversitylibrary.org/item/14604},
	publisher = {[London, Published for the editors by R. H. Porter], 1879-1915},
	author = {Frederick Du Cane Godman and Maud Horman-Fisher and H. Knight and Osbert Salvin and G. S. Saunders and M. v. Freih. Schlereth and M. A. Sharp and Edwin Wilson and Frederick Purkiss, W., lithographer. and Taylor & Francis.},
	year = {1882},
	pages = {744}
}

@book{bhlitem14605,
	title = {Biologia Centrali-Americana : zoology, botany and archaeology},
	volume = {Insecta. Coleoptera. v. 3. pt. 2. Malacodermata by the Rev. H.S. Gorham (1880-1886)},
	copyright = {Public domain.  The BHL considers that this work is no longer under copyright protection.},
	url = {https://www.biodiversitylibrary.org/item/14605},
	publisher = {[London, Published for the editors by R. H. Porter], 1879--1915},
	author = {Frederick Du Cane Godman and Maud Horman-Fisher and H. Knight and Osbert Salvin and G. S. Saunders and M. v. Freih. Schlereth and M. A. Sharp and Edwin Wilson and Frederick Maurits van der Wulp},
	year = {1880},
	pages = {408}
}

@article{Lucanus2017,
	author = {Marco Bardiani and Stefano Chiari and Emanuela Maurizi and Massimiliano Tini and Ilaria Toni and Agnese Zauli and Alessandro Campanaro and Giuseppe Maria Carpaneto and Paolo Audisio},
	title = {Guidelines for the monitoring of \textit{Lucanus cervus}},
	volume = {20},
	number = {},
	year = {2017},
	publisher = {Pensoft Publishers},
	pages = {37-78},
	URL = {https://doi.org/10.3897/natureconservation.20.12687},
	journal = {Nature Conservation}
}

@book{bhlitem38036beetles,
	title = {An account of the {Oriental Passalidae (Coleoptera)} : based primarily on the collection in the {Indian Museum}},
	copyright = {NOT_IN_COPYRIGHT},
	url = {https://www.biodiversitylibrary.org/item/38036},
	publisher = {Calcutta, Printed at the Baptist Mission Press, 1914},
	author = {Gravely, F. H.},
	year = {1914},
	pages = {208}
}

@book{bhlitem53053stylopidae,
	journal = {Report of work of the Experiment Station of the Hawaiian Sugar Planters' Association.  Division of Entomology Bulletin},
	volume = {no.1 (1905)},
	issue = {3},
	title = {Leaf-hoppers and their natural enemies. Pt. III Stylopidae},
	url = {https://www.biodiversitylibrary.org/page/15499657},
	publisher = {Honolulu : Hawaiian Sugar Planters' Association, 1905--1909},
	author = {R. C. L. Perkins},
	year = {1905},
	pages = {86--111, Plates II--IV}
}

@article{bhlpart243991,
	title = {Part {I}.— {L}ycidae},
	journal = {Illustrations of typical specimens of Coleoptera in the collection of the British Museum},
	copyright = {Public domain. The BHL considers that this work is no longer under copyright protection.},
	url = {https://www.biodiversitylibrary.org/part/243991},
	publisher = {London, Printed by order of the Trustees},
	author = {Charles Owen Waterhouse},
	year = {1879},
	pages = {1--83}
}

@book{bhlitem290909scarab,
	title = {An epitome of the natural history of the insects of China : comprising figures and descriptions of upwards of one hundred new, singular, and beautiful species, together with some that are of importance in medicine, domestic economy, \&c. : the figures are accurately drawn, engraved and coloured, from specimens of the insects : the descriptions are arranged according to the system of Linnaeus, with references to the writings of Fabricius, and other systematic authors},
	url = {https://www.biodiversitylibrary.org/item/290909},
	publisher = {London : Printed for the author, by T. Bensley, and sold by White, Fleet-Street, Faulder, Bond-Street, Bell, Oxford-Street, \&c., 1798},
	author = {Edward Donovan and Thomas Bensley and John White and Robert Faulder and Joseph Bell},
	year = {1798},
	pages = {212}
}


@book{bhlitem86018scarab,
	title = {Uebersicht der {Cetoniden} der {Sunda-Inseln} und {Molukken}, nebst der {Beschreibung} von zweiundzwanzigneuen {Arten}},
	url = {https://www.biodiversitylibrary.org/item/86018},
	publisher = {Berlin, Nicolaische Verlags-Buchhandlung (A. Effert und L. Lindtner) 1872},
	author = {Mohnike, Otto Gottlieb Johann},
	year = {1872},
	pages = {638}
}

@book{bhlitem37317beetles,
	title = {The British Coleoptera delineated, consisting of figures of all the genera of British beetles},
	copyright = {NOT_IN_COPYRIGHT},
	url = {https://www.biodiversitylibrary.org/item/37317},
	publisher = {London, H.G. Bohn, 1861},
	author = {William Edward Shuckard and W. Spry},
	year = {1861},
	pages = {294}
}

@book{bhlitem36591,
	title = {British beetles: an introduction to the study of our indigenous Coleoptera},
	copyright = {NOT_IN_COPYRIGHT},
	url = {https://www.biodiversitylibrary.org/item/36591},
	publisher = {London,L. Reeve \& Co.,},
	author = {Edward Caldwell Rye and Francis Gray Smart},
	year = {1866},
	pages = {394},
	keywords = {Beetles|Great Britain}
}

@book{bhlitem112390,
	title = {A monograph of Christmas Island (Indian Ocean)},
	copyright = {Public domain. The BHL considers that this work is no longer under copyright protection.},
	url = {https://www.biodiversitylibrary.org/item/112390},
	publisher = {London, Printed by order of the Trustees},
	author = {{British Museum (Natural History), Department of Geology, and Andrews, Charles William}},
	year = {1900},
	pages = {474},
	keywords = {Christmas Island (Indian Ocean)|Natural history}
}

@book{bhlitem122043,
	title = {Le r\`egne animal distribu\'e d'apr\`es son organisation, pour servir de base \`a l'histoire naturelle des animaux et d'introduction \`a l'anatomie compar\'ee  },
	volume = {[t.1] (1836-1849) [Mammif\`eres Text]},
	url = {https://www.biodiversitylibrary.org/item/122043},
	publisher = {Paris : Fortin, Masson et cie},
	author = {Georges Cuvier and Jean Victor Audouin and Emile Blanchard and G. P. Deshayes and Douvernoy, Henri Georges Milne-Edwards and Louis Doyer},
	year = {1836},
	pages = {402}
}

@book{brehm1877brehms,
  title={Brehms thierleben, allgemeine kunde des thierreichs},
  author={Brehm, Alfred Edmund},
  volume={2},
  year={1877},
  publisher={Verlag des Bibliographischen instituts},
  url={https://doi.org/10.5962/bhl.title.1067}
}

@book{bhlitem132642,
	title = {Genera et species staphylinorum insectorum coleopterum familiae},
	url = {https://www.biodiversitylibrary.org/item/132642},
	publisher = {Berolini : F. H. Morin},
	author = {Erichson, Wilhelm Ferdinand},
	year = {1840},
	pages = {980}
}

@book{bhlitem92397,
	title = {Economic entomology for the farmer and fruit-grower},
	url = {https://www.biodiversitylibrary.org/item/92397},
	publisher = {Philadelphia and London, J. B. Lippincott company},
	author = {Smith, John Bernhard},
	year = {1906},
	pages = {524}
}

@book{reitter1908fauna,
  title={Die K\"afer des Deutschen Reiches},
  author={Reitter, Edmund and Lutz, Karl Georg and others},
  year={1908},
  publisher={K.G. Lutz' Verlag, Stuttgart},
  note = {Plates available in Wikimedia Commons - \url{https://bit.ly/2RHgSA9}}
}

@book{bhlitem56570,
	title = {The Cambridge natural history},
	volume = {v.1 (1906)},
	url = {https://www.biodiversitylibrary.org/item/56570},
	publisher = {London, Macmillan and Co., limited},
	author = {Harmer, Sidney Frederic and Shipley, Sir Arthur Everett},
	year = {1906},
	pages = {700}
}

@book{bhlitem36600,
	title = {Die K\"afer von Mitteleuropa : Käfer der \"osterreichisch-ungarischen Monarchie, Deutschlands, der Schweiz, sowie des franz\"osischen und italienischen Alpengebietes},
	volume = {Bd.1 (1892)},
	url = {https://www.biodiversitylibrary.org/item/36600},
	publisher = {Wien : Gerold},
	author = {Ganglbauer, Ludwig},
	year = {1892},
	pages = {576}
}

@book{bhl91785,
title = {The British miscellany, or, Coloured figures of new, rare, or little known animal subjects : many not before ascertained to be inhabitants of the British Isles : and chiefly in the possession of the author, James Sowerby},
volume = {v. 1-2 (1806)},
publisher = {London: Printed by R. Taylor \& Co., and sold by the author, J. Sowerby by White, Johnson, Symonds, and all other booksellers},
author = {Sowerby, James},
year = {1806},
pages = {340},
url={https://www.biodiversitylibrary.org/page/28913726}
}

@article{arango2012death,
  title={Death-watch and spider beetles of {Wisconsin---Coleoptera: Ptinidae}},
  journal = {USDA Forest Service, Forest Products Laboratory, General Technical Report, FPL-GTR-209},
  author={Arango, Rachel A and Young, Daniel K},
  pages = {1--164},
  year={2012},
  url={https://doi.org/10.2737/FPL-GTR-209}
}

%%%%%% Neuropterida %%%%%%%
%%%%%%%%%%%%%%%%%%%%%%%%%%%

@book{bhlitem53053,
	journal = {Report of work of the Experiment Station of the Hawaiian Sugar Planters' Association.  Division of Entomology Bulletin},
	volume = {no.1 (1905)},
	issue = {5},
	title = {Leaf-hoppers and their natural enemies. Pt. V Forficulidae, Syrphidae, and Hemerobiidae},
	url = {https://www.biodiversitylibrary.org/page/15499657},
	publisher = {Honolulu : Hawaiian Sugar Planters' Association, 1905--1909},
	author = {F. W. Terry},
	year = {1905},
	pages = {159--182, Plates VIII--X}
}

@article{tillyard1916,
  title={Studies in {A}ustralian {N}europtera. {N}o. {II}. {D}escriptions of new genera and species of the families {O}smylidae, {M}yrmeleontidae, and {A}scalaphidae},
  author={Tillyard, R J },
  journal={Proceedings of the Linnean Society of New South Wales},
  volume={41},
  pages={41--70},
  year={1916},
  doi={10.5962/bhl.part.15306}
}

@book{bhl29907,
title = {An introduction to entomology},
copyright = {No known copyright restrictions as determined by scanning institution},
url = {https://www.biodiversitylibrary.org/item/29907},
publisher = {Ithaca, New York, The Comstock Publishing Co., Inc.},
author = {Comstock, John Henry},
year = {1933},
pages = {1082}
}

%%%%%%% Antliophora %%%%%%%
%%%%%%%%%%%%%%%%%%%%%%%%%%%

@article{Du_Hua_2017, 
title={Two new species of the genus \textit{Terrobittacus} {T}an \& {H}ua, 2009 (Mecoptera: Bittacidae) from southwestern {C}hina with a key to species},
url={https://europeanjournaloftaxonomy.eu/index.php/ejt/article/view/418},
DOI={10.5852/ejt.2017.294}, 
volume={294},
journal={European Journal of Taxonomy}, author={Du, Wei and Hua, Bao-Zhen},
year={2017}, 
month={March} 
}

@book{mcalpine1981manual,
  title={Manual of Nearctic Diptera},
  editor={McAlpine, J.F. and B. V. Peterson and G. E. Shewell and H. J. Teskey and J. R. Vockeroth and D. M. Wood},
  series={Canada. Dept. of Agriculture Monograph 27},
  year={1981},
  publisher={Research Branch, Agriculture Canada},
  address = {Ottawa},
  note = {Vol. 1. Our reproduction of the illustrations from this work is not produced in affiliation with, or with the endorsement of the Government of Canada.},
  url={https://publications.gc.ca/site/eng/9.817747/publication.html}
}

@book{mcalpine1981manualv2,
  title={Manual of Nearctic Diptera},
  editor={McAlpine, J.F. and B. V. Peterson and G. E. Shewell and H. J. Teskey and J. R. Vockeroth and D. M. Wood},
  series={Canada. Dept. of Agriculture Monograph 28},
  year={1981},
  publisher={Research Branch, Agriculture Canada},
  address = {Ottawa},
  note = {Vol. 2.  Our reproduction of the illustrations from this work is not produced in affiliation with, or with the endorsement of the Government of Canada.},
  url={https://publications.gc.ca/site/eng/9.817749/publication.html}
}

@article{webb1975mecoptera,
  title={The {M}ecoptera, or scorpionflies, of {I}llinois},
  author={Webb, Donald W and Penny, Norman D and Marlin, John C},
  journal={Illinois Natural History Survey Bulletin},
  volume = {31},
  issue = {7},
  pages = {251--316},
  year={1975},
  url={https://doi.org/10.21900/j.inhs.v31.151},
  publisher={Champaign: Illinois Natural History Survey}
}

%%%%% Amphiesmenoptera %%%%%
%%%%%%%%%%%%%%%%%%%%%%%%%%%%

@article{davis2012review,
  title={A review of the {North American} genus \textit{Epimartyria} ({Lepidoptera, Micropterigidae}) with a discussion of the larval plastron},
  author={Davis, Donald R AND Landry, Jean-Fran{\c{c}}ois},
  journal={ZooKeys},
  volume={183},
  pages={37--83},
  year={2012},
  publisher={Pensoft Publishers},
  url = {https://doi.org/10.3897/zookeys.183.2556}
}

@book{bhlitem92348,
	title = {The gypsy moth. \textit{Porthetria dispar} (Linn.). A report of the work of destroying the insect in the commonwealth of {M}assachusetts, together with an account of its history and habits both in {M}assachusetts and {E}urope},
	url = {https://www.biodiversitylibrary.org/page/10980462},
	publisher = {Boston, Wright \& Potter Printing Co.},
	author = {Edward Howe Forbush and Charles Henry Fernald and {Massachusetts State Board of Agriculture}},
	year = {1896},
	pages = {778}
}

@book{bhlitem38567,
	title = {Die Grossschmetterlinge der Erde : eine systematische Bearbeitung der bis jetzt bekannten Grossschmetterlinge},
	volume = {Bd.10 (1907--1934) [Plates]},
	url = {https://www.biodiversitylibrary.org/item/38567},
	publisher = {Stuttgart, Verlag des Seitzschen Werkes (Alfred Kernen), 1907-[1954?]},
	author = {Adalbert Seitz and E. Hochdanz and and Alfred Kernen Verlag},
	year = {1907},
	pages = {400}
}

@book{bhlitem190298gelechiid,
	title = {Report on investigations of the pink bollworm of cotton in Mexico},
	volume = {no.918 (1921)},
	url = {https://www.biodiversitylibrary.org/item/190298},
	publisher = {Washington, D.C. : U.S. Dept. of Agriculture},
	author = {U. C. Loftin and Kenneth Barbee McKinney and Wrathall King Hanson},
	year = {1921},
	pages = {76}
}

@book{bhlitem128144,
	title = {Birds of a Maryland farm : a local study of economic ornithology},
	volume = {no.17 (1902)},
	url = {https://www.biodiversitylibrary.org/item/128144},
	publisher = {Washington : U.S. Dept. of Agriculture, Division of Biological Survey},
	author = {Judd, Sylvester Dwight},
	year = {1902},
	pages = {166},
	keywords = {Beneficial birds|Birds|Maryland}
}


@book{bhlitem118262,
	title = {Animal activities; a first book in zo\"ology },
	copyright = {Public domain. The BHL considers that this work is no longer under copyright protection.},
	url = {https://www.biodiversitylibrary.org/item/118262},
	publisher = {New York : Longmans, Green and Co.},
	author = {French, Nathaniel Stowers},
	year = {1905},
	pages = {296},
	keywords = {Animal behavior|Zoology|}
}

@book{bhlitem118010freshwater,
	title = {Fresh-water biology},
	copyright = {Public domain. The BHL considers that this work is no longer under copyright protection.},
	url = {https://www.biodiversitylibrary.org/item/118010},
	publisher = {New York, John Wiley \& sons, inc.},
	author = {Ward, Henry Baldwin and Whipple, George Chandler},
	year = {1918},
	pages = {1132},
	keywords = {Freshwater biology}
}

@book{bhlitem37741,
	title = {The butterflies of the eastern {U}nited {S}tates; for the use of classes in zoology, and private students},
	copyright = {NOT_IN_COPYRIGHT},
	url = {https://www.biodiversitylibrary.org/item/37741},
	publisher = {Philadelphia, J. B. Lippincott company},
	author = {French, George Hazen},
	year = {1885},
	pages = {454}
}


@book{bhlitem37427butt,
	title = {Synopsis of {North American} butterflies},
	copyright = {NOT_IN_COPYRIGHT},
	url = {https://www.biodiversitylibrary.org/item/37427},
	publisher = {Boston : Houghton, Osgood and Company},
	author = {Edwards, William Henry},
	year = {1872},
	pages = {346},
	keywords = {Butterflies|North America}
}

@book{bhlitem38199,
	title = {Applied entomology; an introductory text-book of insects in their relations to man},
	copyright = {NOT_IN_COPYRIGHT},
	url = {https://www.biodiversitylibrary.org/item/38199},
	publisher = {New York [etc.] McGraw-Hill book company, inc.},
	author = {Fernald, H. T. (Henry Torsey)},
	year = {1921},
	pages = {408},
	keywords = {Beneficial insects|Insect pests|Insects|United States|}
}

@book{bhlitem92183,
	title = {Insect pests of farm, garden and orchard},
	copyright = {Not provided. Contact contributing library to verify copyright status},
	url = {https://www.biodiversitylibrary.org/item/92183},
	publisher = {New York, J. Wiley \& Sons, Inc.},
	author = {Sanderson, Dwight},
	year = {1912},
	pages = {730},
	keywords = {Insects, Injurious and beneficial. [from old catal}
}

@article{van2011order,
  title={Order {L}epidoptera {L}innaeus, 1758. In: Zhang, {Z.-Q.(Ed.)} {A}nimal biodiversity: an outline of higher-level classification and survey of taxonomic richness},
  author={Van Nieukerken, Erik J and Kaila, Lauri and Kitching, Ian J and Kristensen, Niels P and Lees, David C and Minet, Joel and Mitter, Charles and Mutanen, Marko and Regier, Jerome C and Simonsen, Thomas J and others},
  journal={Zootaxa},
  volume={3148},
  number={1},
  pages={212--221},
  year={2011},
  url={https://doi.org/10.11646/zootaxa.3148.1.41}
}

@book{saunders1883insects,
  title={Insects injurious to fruits},
  author={Saunders, William},
  year={1883},
  publisher={Philadelphia, Pa.; London: Lippincott},
  url={https://www.biodiversitylibrary.org/page/9877362}
}

@book{bhlitem82061AustrInsect,
	title = {Australian insects},
	url = {https://www.biodiversitylibrary.org/item/82061},
	publisher = {Sydney, W. Brooks},
	author = {Froggatt, Walter Wilson},
	year = {1907},
	pages = {624}
}

@book{bhlitem20176riley,
	title = {Directions for collecting and preserving insects},
	copyright = {Public domain.  The BHL considers that this work is no longer under copyright protection.},
	url = {https://www.biodiversitylibrary.org/item/20176},
	publisher = {Washington, Govt. Printing Office},
	author = {Riley, Charles Valentine},
	year = {1892},
	pages = {160},
	keywords = {Collection and preservation|Insects}
}

@book{escherich1914forstinsekten,
  title={{Die Forstinsekten Mitteleuropas: Ein Lehr-und Handbuch}},
  author={Escherich, Karl},
  volume={1},
  year={1914},
  url={https://www.biodiversitylibrary.org/page/31418527},
  publisher={P. Parey}
}

@article{bhlpart78676gelech,
	title = {A taxonomic revision of Caryocolum (Lepidoptera: Gelechiidae)},
	journal = {Bulletin of the British Museum (Natural History). Entomology.},
	volume = {57},
	copyright = {In copyright. Digitized with the permission of the rights holder.},
	url = {https://www.biodiversitylibrary.org/part/78676},
	publisher = {London : The Museum, 1950-1977.},
	author = {Huemer, P},
	year = {1988},
	pages = {439--571}
}

@article{wilsonetal2010,
    doi = {10.3897/zookeys.46.406},
    year = 2010,
    volume = {46},
    pages = {41--60},
    author = {John Wilson and Jean-François Landry and Daniel Janzen and Winnie Hallwachs and Vazrick Nazari and Mehrdad Hajibabaei and Paul Hebert},
    title = {Identity of the \textit{Ailanthus} webworm moth ({L}epidoptera, {Y}ponomeutidae), a complex of two species: evidence from {DNA} barcoding, morphology and ecology},
    journal = {ZooKeys}
} 

@article{braun1917nepticulids,
    doi = {10.3897/zookeys.46.406},
    year = 1917,
    volume = {43},
    pages = {155--209 + plates I--VIII},
    author = {Annette F. Braun},
    title = {Nepticulidae of {North America}},
    journal = {Transactions of the American Entomological Society},
    url = {http://biodiversitylibrary.org/page/7541479}
} 

@article{BaiGracillariid,
    url = {http://doi.org/10.3897/zookeys.559.6812},
    year = 2016,
    volume = {559},
    pages = {139--150},
    author = {Haiyan Bai and Jiasheng Xu and Xiaohua Dai},
    title = {Two new and one newly recorded species of {G}racillariidae from {C}hina ({L}epidoptera)},
    journal = {Zoo{K}eys}
} 

@book{busck1903revision,
  title={A Revision of the American Moths of the Family {G}elechiidae: With Descriptions of the New Species},
  author={Busck, A.},
  series={Proceedings of the {US} {N}ational {M}useum},
  url={https://books.google.com/books?id=wmkpAAAAYAAJ},
  year={1903},
  publisher={U.S. Government Printing Office}
}

@article{DavisTineid1998,
    year = 1998,
    volume = {597},
    pages = {1--81},
    author = {Donald R. Davis},
    title = {A World Classification of the {H}armacloninae, a New Subfamily of {T}ineidae ({L}epidoptera: {T}ineoidea)},
    url={https://doi.org/10.5479/si.00810282.597},
    journal = {Smithsonian Contributions to Zoology}
} 

@article{bhl118765,
title = {Monograph of the {S}esiid\ae{ }of {A}merica, north of {M}exico},
copyright = {Not in copyright},
url = {http://www.biodiversitylibrary.org/item/118765},
author = {Beutenm\"{u}ller, William},
year = {1901},
pages = {1--190},
journal ={Memoirs of the American Museum of Natural History},
volume = {1},
doi = {10.5962/bhl.title.57752},
issue = {6}
}

@book{druce1900biologia,
  title={Biologia Centrali-americana: Insecta. Lepidoptera-Heterocera},
  author={Druce, Herbert},
  volume={3 [plates]},
  year={1881--1900},
  url={https://doi.org/10.5962/bhl.title.730},
  publisher={R. H. Porter},
  address = {London}
}

@book{bhl73500,
title = {The {C}rambidae of {N}orth {A}merica},
url = {http://www.biodiversitylibrary.org/item/73500},
publisher = {[Amherst] Massachusetts Agricultural College},
author = {Fernald, C. H.},
year = {1896},
pages = {118}
}

@book{comstock1893evolution,
  title={Evolution and Taxonomy: An Essay on the Application of the Theory of Natural Selection in the Classification of Animals and Plants, Illustrated by a Study of the Evolution of the Wings of Insects, and by a Contribution to the Classification of the {L}epidoptera},
  author={Comstock, John Henry},
  year={1893},
  url={https://catalog.hathitrust.org/Record/001499216},
  publisher={Comstock Publishing Company},
  address = {Ithaca, NY}
}

@book{bhl37915,
title = {The {H}esperioidea of {A}merica north of {M}exico; a generic revision and synopsis of the species},
url = {http://www.biodiversitylibrary.org/item/37915},
publisher = {Iowa City, University of Iowa},
author = {Lindsey, Arthur Ward},
year = {1921},
pages = {124}
}

@book{bhl162310,
title = {The butterfly book: a popular guide to a knowledge of the butterflies of {N}orth {A}merica},
url = {http://www.biodiversitylibrary.org/item/162310},
publisher = {New York: Doubleday \& McClure},
author = {Holland, W. J.},
year = {1899},
pages = {606}
}

@book{bhl38041,
title = {A monograph of the Sphingidae of America north of Mexico},
url = {http://www.biodiversitylibrary.org/item/38041},
publisher = {American Entomological Society},
address = {Philadelphia},
author = {Smith, John Bernhard},
year = {1888},
pages = {226}
}

@article{bhl50956,
journal = {Bulletin of the Illinois Natural History Survey},
volume = {23},
title = {The caddisflies, or {T}richoptera, of {I}llinois},
url = {http://www.biodiversitylibrary.org/item/50956},
publisher = {Urbana, State of Illinois, Dept. of Registration and Education, Natural History Survey Division},
author = {Ross, H. H.},
year = {1944},
pages = {1--326}
}

