@book{snodgrass1935principles,
  title={Principles of Insect Morphology},
  author={Snodgrass, R.E.},
  isbn={9780801481253},
  lccn={92054710},
  series={A Comstock Bk},
  url={https://books.google.com/books?id=XcKaQgAACAAJ},
  year={1935},
  publisher={Cornell University Press}
}

@book{beutel2013insect,
  title={Insect Morphology and Phylogeny: A Textbook for Students of Entomology},
  author={Beutel, R. and Friedrich, F. and Ge, S.Q. and Yang, X.K.},
  isbn={9783110262636},
  lccn={2013029900},
  series={De Gruyter graduate},
  url={https://books.google.com/books?id=fWSBtgAACAAJ},
  year={2013},
  publisher={De Gruyter}
}