@misc{ENT432,
author = {{Open Entomology Project}},
year = {2016},
title = {Insect Biodiversity and Evolution},
howpublished = {\url{https://github.com/OpenEntomology/InsectBiodiversityEvolution}},
note = {Accessed 19 August 2016}
}

@book{bhl91785,
title = {The British miscellany, or, Coloured figures of new, rare, or little known animal subjects : many not before ascertained to be inhabitants of the British Isles : and chiefly in the possession of the author, James Sowerby},
volume = {v. 1-2 (1806)},
copyright = {Public domain. The BHL considers that this work is no longer under copyright protection.},
note = {Each plate has explanatory text. --- Plates are hand-colored. --- Errata: at foot of p. 136, v. 2. --- Includes index.},
publisher = {London: Printed by R. Taylor \& Co., and sold by the author, J. Sowerby by White, Johnson, Symonds, and all other booksellers,},
author = {Sowerby, James},
year = {1806},
pages = {340}
}

@article{arango2012death,
  title={Death-watch and spider beetles of Wisconsin---Coleoptera: Ptinidae},
  journal = {USDA Forest Service, Forest Products Laboratory, General Technical Report, FPL-GTR-209},
  author={Arango, Rachel A and Young, Daniel K},
  pages = {1--164},
  year={2012}
}