@manual{USDAmanual,
  title        = {Collecting and Preserving Insects and Mites, Techniques \& Tools},
  author       = {M. E. Schauff, ed.}, 
  organization = {Systematic Entomology Laboratory, USDA},
  address      = {Washington, DC},
  year         = 2005,
  howpublished	=	{\url{http://www.ars.usda.gov/Main/docs.htm?docid=10141&page=1}}
  }