
@article{kristensen1981phylogeny,
  title={Phylogeny of insect orders},
  author={Kristensen, Niels P},
  journal={Annual review of entomology},
  volume={26},
  number={1},
  pages={135--157},
  year={1981},
  doi = {10.1146/annurev.en.26.010181.001031}
}

@book{bhl29875,
title = {A monograph of the Plecoptera or stoneflies of America north of Mexico},
doi = {10.5962/bhl.title.6826},
address = {LaFayette, Ind.},
author = {Needham, James G. and Claassen, Peter Walter},
year = {1925},
pages = {412}
}

@book{comstock1918wings,
  title={The wings of insects: an exposition of the uniform terminology of the wing veins of insects and a discussion of the more general characteristics of the wings of the several orders of insects},
  author={Comstock, John Henry},
  year={1918},
  publisher={Comstock Publishing Company},
  DOI = {10.5962/bhl.title.54605},
  address={Ithaca, New York}
}

@article {Misof763,
	author = {Misof, Bernhard and Liu, Shanlin and Meusemann, Karen and Peters, Ralph S. and Donath, Alexander and Mayer, Christoph and Frandsen, Paul B. and Ware, Jessica and Flouri, Tom{\'a}{\v s} and Beutel, Rolf G. and Niehuis, Oliver and Petersen, Malte and Izquierdo-Carrasco, Fernando and Wappler, Torsten and Rust, Jes and Aberer, Andre J. and Asp{\"o}ck, Ulrike and Asp{\"o}ck, Horst and Bartel, Daniela and Blanke, Alexander and Berger, Simon and B{\"o}hm, Alexander and Buckley, Thomas R. and Calcott, Brett and Chen, Junqing and Friedrich, Frank and Fukui, Makiko and Fujita, Mari and Greve, Carola and Grobe, Peter and Gu, Shengchang and Huang, Ying and Jermiin, Lars S. and Kawahara, Akito Y. and Krogmann, Lars and Kubiak, Martin and Lanfear, Robert and Letsch, Harald and Li, Yiyuan and Li, Zhenyu and Li, Jiguang and Lu, Haorong and Machida, Ryuichiro and Mashimo, Yuta and Kapli, Pashalia and McKenna, Duane D. and Meng, Guanliang and Nakagaki, Yasutaka and Navarrete-Heredia, Jos{\'e} Luis and Ott, Michael and Ou, Yanxiang and Pass, G{\"u}nther and Podsiadlowski, Lars and Pohl, Hans and von Reumont, Bj{\"o}rn M. and Sch{\"u}tte, Kai and Sekiya, Kaoru and Shimizu, Shota and Slipinski, Adam and Stamatakis, Alexandros and Song, Wenhui and Su, Xu and Szucsich, Nikolaus U. and Tan, Meihua and Tan, Xuemei and Tang, Min and Tang, Jingbo and Timelthaler, Gerald and Tomizuka, Shigekazu and Trautwein, Michelle and Tong, Xiaoli and Uchifune, Toshiki and Walzl, Manfred G. and Wiegmann, Brian M. and Wilbrandt, Jeanne and Wipfler, Benjamin and Wong, Thomas K. F. and Wu, Qiong and Wu, Gengxiong and Xie, Yinlong and Yang, Shenzhou and Yang, Qing and Yeates, David K. and Yoshizawa, Kazunori and Zhang, Qing and Zhang, Rui and Zhang, Wenwei and Zhang, Yunhui and Zhao, Jing and Zhou, Chengran and Zhou, Lili and Ziesmann, Tanja and Zou, Shijie and Li, Yingrui and Xu, Xun and Zhang, Yong and Yang, Huanming and Wang, Jian and Wang, Jun and Kjer, Karl M. and Zhou, Xin},
	title = {Phylogenomics resolves the timing and pattern of insect evolution},
	volume = {346},
	number = {6210},
	pages = {763--767},
	year = {2014},
	doi = {10.1126/science.1257570},
	URL = {http://science.sciencemag.org/content/346/6210/763},
	eprint = {http://science.sciencemag.org/content/346/6210/763.full.pdf},
	journal = {Science}
}
