@article{tillyard1916,
  title={Studies in {A}ustralian {N}europtera. {N}o. ii. {D}escriptions of new genera and species of the families {O}smylidae, {M}yrmeleontidae, and {A}scalaphidae},
  author={Tillyard, R J },
  journal={Proceedings of the Linnean Society of New South Wales},
  volume={41},
  pages={41--70},
  year={1916},
  doi={10.5962/bhl.part.15306}
}

@book{comstock1918wings,
  title={The wings of insects: an exposition of the uniform terminology of the wing veins of insects and a discussion of the more general characteristics of the wings of the several orders of insects},
  author={Comstock, John Henry},
  year={1918},
  publisher={Comstock Publishing Company},
  DOI = {10.5962/bhl.title.54605},
  address={Ithaca, New York}
}
