@article{Barrows13042016,
author = {Barrows, Cameron W. and Murphy-Mariscal, Michelle L. and Hernandez, Rebecca R.}, 
title = {At a Crossroads: The Nature of Natural History in the Twenty-First Century},
year = {2016}, 
doi = {10.1093/biosci/biw043}, 
journal = {BioScience} 
}

@article{Tewksbury01042014,
author = {Tewksbury, Joshua J. and Anderson, John G. T. and Bakker, Jonathan D. and Billo, Timothy J. and Dunwiddie, Peter W. and Groom, Martha J. and Hampton, Stephanie E. and Herman, Steven G. and Levey, Douglas J. and Machnicki, Noelle J. and del Rio, Carlos Mart√≠nez and Power, Mary E. and Rowell, Kirsten and Salomon, Anne K. and Stacey, Liam and Trombulak, Stephen C. and Wheeler, Terry A.}, 
title = {Natural History's Place in Science and Society},
volume = {64}, 
number = {4}, 
pages = {300--310}, 
year = {2014}, 
doi = {10.1093/biosci/biu032}, 
journal = {BioScience} 
}

@article {Schmidly449,
	author = {Schmidly, David J.},
	title = {What It Means to be a Naturalist and the Future of Natural History at American Universities},
	volume = {86},
	number = {3},
	pages = {449--456},
	year = {2005},
	doi = {10.1644/1545-1542(2005)86[449:WIMTBA]2.0.CO;2},
	journal = {Journal of Mammalogy}
}
