@article{Barrows13042016,
author = {Barrows, Cameron W. and Murphy-Mariscal, Michelle L. and Hernandez, Rebecca R.}, 
title = {At a Crossroads: The Nature of Natural History in the Twenty-First Century},
year = {2016}, 
doi = {10.1093/biosci/biw043}, 
journal = {BioScience} 
}

@article{Grinnell1912,
author = {Grinnell, J.}, 
title = {An Afternoon's Field Notes},
year = {1912}, 
volume = {14}, 
issue = {3},
pages = {104--107},
journal = {The Condor} 
}

@article{Tewksbury01042014,
author = {Tewksbury, Joshua J. and Anderson, John G. T. and Bakker, Jonathan D. and Billo, Timothy J. and Dunwiddie, Peter W. and Groom, Martha J. and Hampton, Stephanie E. and Herman, Steven G. and Levey, Douglas J. and Machnicki, Noelle J. and del Rio, Carlos Mart√≠nez and Power, Mary E. and Rowell, Kirsten and Salomon, Anne K. and Stacey, Liam and Trombulak, Stephen C. and Wheeler, Terry A.}, 
title = {Natural History's Place in Science and Society},
volume = {64}, 
number = {4}, 
pages = {300--310}, 
year = {2014}, 
doi = {10.1093/biosci/biu032}, 
journal = {BioScience} 
}

@article {Schmidly449,
	author = {Schmidly, David J.},
	title = {What It Means to be a Naturalist and the Future of Natural History at {A}merican Universities},
	volume = {86},
	number = {3},
	pages = {449--456},
	year = {2005},
	doi = {10.1644/1545-1542(2005)86[449:WIMTBA]2.0.CO;2},
	journal = {Journal of Mammalogy}
}

@misc{GBIFspreadsheet,
author = {{Global {B}iodiversity {I}nformation {F}acility}},
title = {Occurrence data {E}xcel template},
year = {2017},
note = {Available from \url{https://github.com/gbif/ipt/wiki/occurrenceData#templates}. Accessed 22 June 2017}
}

@misc{FrostSOP03,
author = {{Frost Entomological Museum Curator \& Interest Group}},
title = {Frost {SOP} 03: Specimen Preparation Guide},
year = {2016},
note = {Available from \url{https://scholarsphere.psu.edu/downloads/tqj72p820v}. Accessed 22 June 2017}
}
@article{agrawal2014,
author = {Anurag A. Agrawal},
title = {Observation, Natural History, and an Early Post-{D}arwinian View of Plant-Animal Interactions},
journal = {The American Naturalist},
volume = {184},
number = {6},
pages = {ii--iv},
year = {2014},
doi = {10.1086/678590}
}

@article{wilcoveeisner2000,
author = {David S. Wilcove and Thomas Eisner},
title = {The Impending Extinction of Natural History},
journal = {The Chronicle of Higher Education},
year = {2000},
note = {\url{http://chronicle.com/article/The-Impending-Extinction-of/4002}},
howpublished = {http://chronicle.com/article/The-Impending-Extinction-of/4002}
}

@book{canfield2011field,
  title={Field Notes on Science \& Nature},
  author={Canfield, M.R.},
  isbn={9780674072060},
  url={https://books.google.com/books?id=ERRPKRF-Dw0C},
  year={2011},
  publisher={Harvard University Press}
}

@article{roberts2013,
author = {Jennifer L. Roberts},
title = {The Power of Patience},
journal = {Harvard Magazine},
year = {2013},
note = {Pages 40--43 in the November -- December issue; \url{http://harvardmagazine.com/2013/11/the-power-of-patience}}
}

@misc{ENT432,
author = {{Open Entomology Project}},
year = {2016},
title = {Insect Biodiversity and Evolution},
howpublished = {\url{https://github.com/OpenEntomology/InsectBiodiversityEvolution}},
note = {Accessed 19 August 2016}
}
@book{Darwin1859,
title = {On the origin of species by means of natural selection, or, The preservation of favoured races in the struggle for life},
volume = {1859},
note = {\url{http://dx.doi.org/10.5962/bhl.title.68064} --- Freeman, R.B. Charles Darwin (2nd ed.), | 373 --- Garrison-Morton: | 220},
publisher = {London: John Murray},
author = {Darwin, Charles},
year = {1859},
pages = {564}
}

@book{herman1986naturalist,
  title={The Naturalist's Field Journal: A Manual of Instruction Based on a System Established by Joseph Grinnell},
  author={Herman, S.G. and Grinnell, J.},
  isbn={9780931130137},
  lccn={85073491},
  url={https://books.google.com/books?id=HKKXQgAACAAJ},
  year={1986},
  publisher={Buteo Books}
}

@book{bhl86279,
title = {Field ornithology comprising a manual of instruction for procuring, preparing and preserving birds and a check list of {N}orth {A}merican birds},
url = {https://www.biodiversitylibrary.org/item/86279},
publisher = {Boston: Estes \& Lauriat},
author = {Coues, Elliott},
year = {1874},
doi = {10.5962/bhl.title.38853},
pages = {271}
}
