@book{mcalpine1981manual,
  title={Manual of Nearctic Diptera},
  editor={McAlpine, J.F. and B. V. Peterson and G. E. Shewell and H. J. Teskey and J. R. Vockeroth and D. M. Wood},
  series={Canada. Dept. of Agriculture Monograph 27},
  year={1981},
  publisher={Research Branch, Agriculture Canada},
  address = {Ottawa},
  note = {Vol. 1. Our reproduction of the illustrations from this work is not produced in affiliation with, or with the endorsement of the Government of Canada.}
}

@book{mcalpine1981manualv2,
  title={Manual of Nearctic Diptera},
  editor={McAlpine, J.F. and B. V. Peterson and G. E. Shewell and H. J. Teskey and J. R. Vockeroth and D. M. Wood},
  series={Canada. Dept. of Agriculture Monograph 28},
  year={1981},
  publisher={Research Branch, Agriculture Canada},
  address = {Ottawa},
  note = {Vol. 2.  Our reproduction of the illustrations from this work is not produced in affiliation with, or with the endorsement of the Government of Canada.}
}