@incollection{ReedEtAl2015,
author = "David L. Reed and Julie M. Allen and Melissa A. Toups and Bret M. Boyd and Marina S. Ascunce",
editor = "Serge Morand and Boris R. Krasnov and D. Timothy J. Littlewood",
title = {The study of primate evolution from a lousy perspective}, 
booktitle = {Parasite Diversity and Diversification}, 
publisher = {Cambridge University Press}, 
year = {2015},
pages = {202--214},
isbn = {9781139794749}, 
note = {Cambridge Books Online}, 
doi = {10.1017/CBO9781139794749.014}
}

@article{FavretEtAl2015,
	title = {An adhesive collophore may help direct the springtail jump},
	author = {Colin Favret AND Matthieu Tzaud AND Eric F. Erbe AND Gary R. Bauchan AND Ron Ochoa},
	doi = {10.1093/aesa/sav078},
	journal = {Annals of the Entomological Society of America},
    year = {2015}
}

@article{kleijn2008,
author = {David Kleijn and Ivo Raemakers}, 
title = {A retrospective analysis of pollen host plant use by stable and declining bumble bee species},
volume = {89}, 
pages = {1811--1823}, 
year = {2008}, 
doi = {10.1890/07-1275.1}, 
journal = {Ecology} 
}

@article{Kress12122014,
author = {Kress, W. John}, 
title = {Valuing collections},
volume = {346}, 
number = {6215}, 
pages = {1310}, 
year = {2014}, 
doi = {10.1126/science.aaa4115}, 
journal = {Science} 
}

@article {SYEN12016,
author = {Malm, Tobias and Johanson, Kjell Arne and Wahlberg, Niklas},
title = {The evolutionary history of {T}richoptera ({I}nsecta): A case of successful adaptation to life in freshwater},
journal = {Systematic Entomology},
volume = {38},
number = {3},
doi = {10.1111/syen.12016},
pages = {459--473},
year = {2013}
}

@article{Wahlberg2013,
    author = {Wahlberg, Niklas AND Wheat, Christopher W. AND Pe\~{n}a, Carlos},
    journal = {PLoS ONE},
    publisher = {Public Library of Science},
    title = {Timing and Patterns in the Taxonomic Diversification of {L}epidoptera (butterflies and moths)},
    year = {2013},
    month = {11},
    volume = {8},
    pages = {e80875},
    number = {11},
    doi = {10.1371/journal.pone.0080875}
}        

%%%% or http://journals.plos.org/plosone/article?id=10.1371/journal.pone.0018123 ???? %%%

@article{Janzen29062010,
author = {Janzen, Daniel H. and Hallwachs, Winnie and Burns, John M.}, 
title = {A tropical horde of counterfeit predator eyes},
volume = {107}, 
number = {26}, 
pages = {11659--11665}, 
year = {2010}, 
doi = {10.1073/pnas.0912122107}, 
journal = {Proceedings of the National Academy of Sciences} 
}

@article{Misof07112014,
author = {Misof, Bernhard and Liu, Shanlin and Meusemann, Karen and Peters, Ralph S. and Donath, Alexander and Mayer, Christoph and Frandsen, Paul B. and Ware, Jessica and Flouri, Tom\'{a}\v{s} and Beutel, Rolf G. and Niehuis, Oliver and Petersen, Malte and Izquierdo-Carrasco, Fernando and Wappler, Torsten and Rust, Jes and Aberer, Andre J. and Asp\"{o}ck, Ulrike and Asp\"{o}ck, Horst and Bartel, Daniela and Blanke, Alexander and Berger, Simon and B\"{o}hm, Alexander and Buckley, Thomas R. and Calcott, Brett and Chen, Junqing and Friedrich, Frank and Fukui, Makiko and Fujita, Mari and Greve, Carola and Grobe, Peter and Gu, Shengchang and Huang, Ying and Jermiin, Lars S. and Kawahara, Akito Y. and Krogmann, Lars and Kubiak, Martin and Lanfear, Robert and Letsch, Harald and Li, Yiyuan and Li, Zhenyu and Li, Jiguang and Lu, Haorong and Machida, Ryuichiro and Mashimo, Yuta and Kapli, Pashalia and McKenna, Duane D. and Meng, Guanliang and Nakagaki, Yasutaka and Navarrete-Heredia, José Luis and Ott, Michael and Ou, Yanxiang and Pass, Günther and Podsiadlowski, Lars and Pohl, Hans and von Reumont, Bj\"{o}rn M. and Sch\"{u}tte, Kai and Sekiya, Kaoru and Shimizu, Shota and Slipinski, Adam and Stamatakis, Alexandros and Song, Wenhui and Su, Xu and Szucsich, Nikolaus U. and Tan, Meihua and Tan, Xuemei and Tang, Min and Tang, Jingbo and Timelthaler, Gerald and Tomizuka, Shigekazu and Trautwein, Michelle and Tong, Xiaoli and Uchifune, Toshiki and Walzl, Manfred G. and Wiegmann, Brian M. and Wilbrandt, Jeanne and Wipfler, Benjamin and Wong, Thomas K. F. and Wu, Qiong and Wu, Gengxiong and Xie, Yinlong and Yang, Shenzhou and Yang, Qing and Yeates, David K. and Yoshizawa, Kazunori and Zhang, Qing and Zhang, Rui and Zhang, Wenwei and Zhang, Yunhui and Zhao, Jing and Zhou, Chengran and Zhou, Lili and Ziesmann, Tanja and Zou, Shijie and Li, Yingrui and Xu, Xun and Zhang, Yong and Yang, Huanming and Wang, Jian and Wang, Jun and Kjer, Karl M. and Zhou, Xin}, 
title = {Phylogenomics resolves the timing and pattern of insect evolution},
volume = {346}, 
number = {6210}, 
pages = {763--767}, 
year = {2014}, 
doi = {10.1126/science.1257570}, 
journal = {Science} 
}

@article{Zhu2015129,
title = "Fleas ({S}iphonaptera) are {C}retaceous, and evolved with {T}heria ",
journal = "Molecular Phylogenetics and Evolution ",
volume = "90",
pages = "129--139",
year = "2015",
doi = "10.1016/j.ympev.2015.04.027",
author = "Qiyun Zhu and Michael W. Hastriter and Michael F. Whiting and Katharina Dittmar"
}

@article{Deora03022015,
author = {Deora, Tanvi and Singh, Amit Kumar and Sane, Sanjay P.}, 
title = {Biomechanical basis of wing and haltere coordination in flies},
volume = {112}, 
number = {5}, 
pages = {1481--1486}, 
year = {2015}, 
doi = {10.1073/pnas.1412279112}, 
journal = {Proceedings of the National Academy of Sciences} 
}

@article{Wiegmann05042011,
author = {Wiegmann, Brian M. and Trautwein, Michelle D. and Winkler, Isaac S. and Barr, Norman B. and Kim, Jung-Wook and Lambkin, Christine and Bertone, Matthew A. and Cassel, Brian K. and Bayless, Keith M. and Heimberg, Alysha M. and Wheeler, Benjamin M. and Peterson, Kevin J. and Pape, Thomas and Sinclair, Bradley J. and Skevington, Jeffrey H. and Blagoderov, Vladimir and Caravas, Jason and Kutty, Sujatha Narayanan and Schmidt-Ott, Urs and Kampmeier, Gail E. and Thompson, F. Christian and Grimaldi, David A. and Beckenbach, Andrew T. and Courtney, Gregory W. and Friedrich, Markus and Meier, Rudolf and Yeates, David K.}, 
title = {Episodic radiations in the fly tree of life},
volume = {108}, 
number = {14}, 
pages = {5690--5695}, 
year = {2011}, 
doi = {10.1073/pnas.1012675108}, 
journal = {Proceedings of the National Academy of Sciences} 
}

@article {Kathirithamby2015,
author = {Kathirithamby, Jeyaraney and Hrabar, Michael and Delgado, Juan A. and Collantes, Francisco and D\"{o}tterl, Stefan and Windsor, Donald and Gries, Gerhard},
title = {We do not select, nor are we choosy: reproductive biology of {S}trepsiptera ({I}nsecta)},
journal = {Biological Journal of the Linnean Society},
volume = {116},
number = {1},
doi = {10.1111/bij.12585},
pages = {221--238},
year = {2015}
}

@article{Emlen15052007,
author = {Emlen, Douglas J. and Corley Lavine, Laura and Ewen-Campen, Ben}, 
title = {On the origin and evolutionary diversification of beetle horns},
volume = {104}, 
number = {suppl 1}, 
pages = {8661--8668}, 
year = {2007}, 
doi = {10.1073/pnas.0701209104}, 
journal = {Proceedings of the National Academy of Sciences} 
}

@article {Smith20150060,
	author = {Smith, Dena M. and Marcot, Jonathan D.},
	title = {The fossil record and macroevolutionary history of the beetles},
	volume = {282},
	number = {1805},
	year = {2015},
    pages = {1--8},
	doi = {10.1098/rspb.2015.0060},
	journal = {Proceedings of the Royal Society of London B: Biological Sciences}
}

@article{crespi1994,
year={1994},
journal={Insectes Sociaux},
volume={41},
number={4},
doi={10.1007/BF01240642},
title={Three conditions for the evolution of eusociality: Are they sufficient?},
author={Crespi, B.J.},
pages={395--400}
}

@article {BIJ351,
author = {Gauld, I. D.},
title = {Evolutionary patterns of host utilization by ichneumonoid parasitoids ({H}ymenoptera: {I}chneumonidae and {B}raconidae)*},
journal = {Biological Journal of the Linnean Society},
volume = {35},
number = {4},
doi = {10.1111/j.1095-8312.1988.tb00476.x},
pages = {351--377},
year = {1988}
}

@article{metamorphosis1999,
year={1999},
journal={Nature},
volume={401},
number={1},
doi={10.1038/46737},
title={The origins of insect metamorphosis},
author={James W. Truman AND Lynn M. Riddiford},
pages={447--452}
} 

@article{straussHearing,
year={2015},
journal={Journal of Comparative Physiology A},
volume={201},
number={1},
doi={10.1007/s00359-014-0962-7},
title={Selective forces on origin, adaptation and reduction of tympanal ears in insects},
author={Strau\ss{}, Johannes and Stumpner, Andreas},
pages={155--169},
}


@article{johnsonLice,
author = {Johnson,Kevin P. and Weckstein,Jason D. and Bush,Sarah E. and Clayton,Dale H.},
title = {The evolution of host specificity in dove body lice},
journal = {Parasitology},
volume = {138},
issue = {Special Issue 13},
month = {11},
year = {2011},
pages = {1730--1736},
doi = {10.1017/S0031182010001770}
}


@incollection{hemipteraTymbals,
year={2014},
isbn={978-3-662-43606-6},
booktitle={Studying Vibrational Communication},
volume={3},
series={Animal Signals and Communication},
editor={Cocroft, Reginald B. and Gogala, Matija and Hill, Peggy S.M. and Wessel, Andreas},
doi={10.1007/978-3-662-43607-3\_20},
title={The Tymbal: Evolution of a Complex Vibration-Producing Organ in the {T}ymbalia ({H}emiptera excl. {S}ternorrhyncha)},
publisher={Springer Berlin Heidelberg},
author={Wessel, Andreas and M\"{u}hlethaler, Roland and Hartung, Viktor and Ku\v{s}tor, Valerija and Gogala, Matija},
pages={395--444},
language={English}
}

@article{CockroachesDinos,
    author = {Vr\v{s}ansk\'{y}, Peter AND van de Kamp, Thomas AND Azar, Dany AND Prokin, Alexander AND Vidli\v{c}ka, Lubom\'{i}r AND Vagovi\v{c}, Patrik},
    journal = {PLoS ONE},
    publisher = {Public Library of Science},
    title = {Cockroaches Probably Cleaned Up after Dinosaurs},
    year = {2013},
    volume = {8},
    pages = {e80560},
    number = {12},
    doi = {10.1371/journal.pone.0080560}
} 

%%% http://dx.doi.org/10.1016/j.cub.2015.05.058 ??? %%%

@incollection{engelwing,
year={2013},
isbn={978-3-642-36159-3},
booktitle={Arthropod Biology and Evolution},
editor={Minelli, Alessandro and Boxshall, Geoffrey and Fusco, Giuseppe},
doi={10.1007/978-3-642-36160-9\_12},
title={Insect Wings: The Evolutionary Development of Nature’s First Flyers},
publisher={Springer Berlin Heidelberg},
author={Engel, Michael S. and Davis, Steven R. and Prokop, Jakub},
pages={269--298},
language={English}
}

@article{nalepaTermite,
year={2001},
journal={Insectes Sociaux},
volume={48},
number={3},
doi={10.1007/PL00001767},
title={Detritivory, coprophagy, and the evolution of digestive mutualisms in {D}ictyoptera},
author={Nalepa, C.A. and Bignell, D.E. and Bandi, C.},
pages={194--201}
}


@article{BaumOffner2008,
   author={David A. Baum and Susan Offner},
   title={Phylogenics \& Tree-Thinking},
   journal={The American Biology Teacher},
   volume={70},
   issue={4},
   year = 2008,
   pages = {222--229},
   doi={10.1662/0002-7685(2008)70[222:PT]2.0.CO;2}
}

@article{Tewksbury01042014,
author = {Tewksbury, Joshua J. and Anderson, John G. T. and Bakker, Jonathan D. and Billo, Timothy J. and Dunwiddie, Peter W. and Groom, Martha J. and Hampton, Stephanie E. and Herman, Steven G. and Levey, Douglas J. and Machnicki, Noelle J. and del Rio, Carlos Martínez and Power, Mary E. and Rowell, Kirsten and Salomon, Anne K. and Stacey, Liam and Trombulak, Stephen C. and Wheeler, Terry A.}, 
title = {Natural History's Place in Science and Society},
volume = {64}, 
number = {4}, 
pages = {300--310}, 
year = {2014}, 
doi = {10.1093/biosci/biu032}, 
journal = {BioScience} 
}

@incollection{DunlopEtAl2013,
year={2013},
isbn={978-3-642-36159-3},
booktitle={Arthropod Biology and Evolution},
editor={Minelli, Alessandro and Boxshall, Geoffrey and Fusco, Giuseppe},
doi={10.1007/978-3-642-36160-9\_16},
title={Water-to-Land Transitions},
publisher={Springer Berlin Heidelberg},
author={Dunlop, Jason A. and Scholtz, Gerhard and Selden, Paul A.},
pages={417--439},
language={English}
}

%%%%%%%%%% also this!
@article{GrebEtAl2006,
	author = {Stephen F. Greb AND William A. DiMichele AND Robert A. Gastaldo},
	title = {Evolution and importance of wetlands in earth history},
	journal = {Geological Society of America Special Papers}, 
    year = {2006},
    doi = {10.1130/2006.2399(01)},
    volume = {399},
    pages = {1--40}
}

@article{EngelKristensen2013,
author = {Engel, Michael S. and Kristensen, Niels P.},
title = {A History of Entomological Classification},
journal = {Annual Review of Entomology},
volume = {58},
number = {1},
pages = {585--607},
year = {2013},
doi = {10.1146/annurev-ento-120811-153536}
}

@article{MartinezDelclos200419,
title = "Taphonomy of insects in carbonates and amber ",
journal = "Palaeogeography, Palaeoclimatology, Palaeoecology ",
volume = "203",
number = "1--2",
pages = "19--64",
year = "2004",
doi = "10.1016/S0031-0182(03)00643-6",
author = "Xavier Mart\'{i}nez-Delcl\`{o}s and Derek E.G Briggs and Enrique Pe{\~{n}}alver",
}

@article{Dunlop2010124,
title = "Geological history and phylogeny of {C}helicerata",
journal = "Arthropod Structure \& Development ",
volume = "39",
number = "2--3",
pages = "124--142",
year = "2010",
note = "Fossil Record and Phylogeny of the Arthropoda ",
issn = "1467-8039",
doi = "10.1016/j.asd.2010.01.003",
author = "Jason A. Dunlop",
keywords = "Arachnida",
keywords = "Fossil record",
keywords = "Phylogeny",
keywords = "Evolutionary tree "
}
 
@article{MiyazawaEtAl2014,
title = "Molecular phylogeny of {M}yriapoda provides insights into evolutionary patterns of the mode in post-embryonic development",
journal = "Scientific Reports",
volume = "4",
number = "4127",
pages = "1--9",
year = "2010",
doi = "10.1038/srep04127",
author = "Hideyuki Miyazawa and Chiaki Ueda and Kensuke Yahata and Zhi-Hui Su"
}

@article{TrautweinEtAl2012,
author = {Trautwein, Michelle D. and Wiegmann, Brian M. and Beutel, Rolf and Kjer, Karl M. and Yeates, David K.},
title = {Advances in insect phylogeny at the dawn of the postgenomic era},
journal = {Annual Review of Entomology},
volume = {57},
number = {1},
pages = {449--468},
year = {2012},
doi = {10.1146/annurev-ento-120710-100538}
}

@article{VanHook2008R547,
title = "Crustaceans ",
journal = "Current Biology ",
volume = "18",
number = "13",
pages = "R547--R550",
year = "2008",
doi = "10.1016/j.cub.2008.05.021",
author = "Annalisa M. VanHook and Nipam H. Patel"
}

@article{crustAppend,
title = "Crustacean appendage evolution associated with changes in {H}ox gene expression",
journal = "Nature",
volume = "388", 
pages = "682--686",
year = {1997},
author = {Michalis Averof and Nipam H. Patel},
url = {http://rdcu.be/dCNB}
}

@article{Giribet201596,
title = "Morphology should not be forgotten in the era of genomics---phylogenetic perspective ",
journal = "Zoologischer Anzeiger - A Journal of Comparative Zoology ",
volume = "256",
pages = "96--103",
year = "2015",
note = "Special Issue: Proceedings of the 3rd International Congress on Invertebrate Morphology ",
doi = "10.1016/j.jcz.2015.01.003",
author = "Gonzalo Giribet",
}

