@manual{USDAmanual,
  title        = {Collecting and Preserving Insects and Mites, Techniques \& Tools},
  author       = {{M. E. Schauff, ed.}}, 
  organization = {Systematic Entomology Laboratory, USDA},
  address      = {Washington, DC},
  year         = 2005,
  note	=	{\url{http://www.ars.usda.gov/Main/docs.htm?docid=10141&page=1}}
  }
  
@manual{USDAmanual1986,
  title        = {Insects and mites: techniques for collection and preservation},
  author       = {Steyskal, George C AND Murphy, William L., Jr AND Hoover, Edna M}, 
  organization = {U.S. Department of Agriculture},
  address      = {Washington, DC},
  year         = {1986},
  note = {\url{https://archive.org/details/insectsmitestech1443stey}}
}

@misc{GrinterWebpage,
	author = {Chris Grinter},
    year = {2016},
  title = {Spreading Microlepidoptera},
  howpublished = {\url{http://www.theskepticalmoth.com/techniques/spreading-microlepidoptera/}},
  note = {Accessed: 20 July 2016}
}

@article{packinginsects,
author = {Curtis W. Sabrosky},
year = {1971},
title = {Packing and shipping pinned insects},
journal = {Bulletin of the Entomological Society of America},
volume = {17},
pages = {6--8},
doi = {10.1093/besa/17.1.6}
}

@misc{MacraeWebpage,
	author = {Ted C. MacRae},
    year = {2013},
  title = {How to pack and ship pinned insect specimens},
  howpublished = {\url{http://bit.ly/MacRaeShippingInsects}},
  note = {Accessed: 20 July 2016}
}

@misc{SlideMounting,
	author = {Istv\'{a}n Mik\'{o} AND Andrew R. Deans},
    year = {2013},
  title = {Frost {E}ntomological {M}useum standard operating procedure: Slide-mounting Arthropoda},
  howpublished = {\url{http://bit.ly/SlideMountingInsects}},
  note = {Accessed: 20 July 2016}
}
