@misc{DeansSyllabus,
author = {Deans, A. R.},
title = {Insect Biodiversity and Evolution. Fall 2015 syllabus.},
year = {2015}
}

@article{EngelKristensen2013,
author = {Engel, Michael S. and Kristensen, Niels P.},
title = {A History of Entomological Classification},
journal = {Annual Review of Entomology},
volume = {58},
number = {1},
pages = {585--607},
year = {2013},
doi = {10.1146/annurev-ento-120811-153536}
}
