
@article {Misof763,
	author = {Misof, Bernhard and Liu, Shanlin and Meusemann, Karen and Peters, Ralph S. and Donath, Alexander and Mayer, Christoph and Frandsen, Paul B. and Ware, Jessica and Flouri, Tom{\'a}{\v s} and Beutel, Rolf G. and Niehuis, Oliver and Petersen, Malte and Izquierdo-Carrasco, Fernando and Wappler, Torsten and Rust, Jes and Aberer, Andre J. and Asp{\"o}ck, Ulrike and Asp{\"o}ck, Horst and Bartel, Daniela and Blanke, Alexander and Berger, Simon and B{\"o}hm, Alexander and Buckley, Thomas R. and Calcott, Brett and Chen, Junqing and Friedrich, Frank and Fukui, Makiko and Fujita, Mari and Greve, Carola and Grobe, Peter and Gu, Shengchang and Huang, Ying and Jermiin, Lars S. and Kawahara, Akito Y. and Krogmann, Lars and Kubiak, Martin and Lanfear, Robert and Letsch, Harald and Li, Yiyuan and Li, Zhenyu and Li, Jiguang and Lu, Haorong and Machida, Ryuichiro and Mashimo, Yuta and Kapli, Pashalia and McKenna, Duane D. and Meng, Guanliang and Nakagaki, Yasutaka and Navarrete-Heredia, Jos{\'e} Luis and Ott, Michael and Ou, Yanxiang and Pass, G{\"u}nther and Podsiadlowski, Lars and Pohl, Hans and von Reumont, Bj{\"o}rn M. and Sch{\"u}tte, Kai and Sekiya, Kaoru and Shimizu, Shota and Slipinski, Adam and Stamatakis, Alexandros and Song, Wenhui and Su, Xu and Szucsich, Nikolaus U. and Tan, Meihua and Tan, Xuemei and Tang, Min and Tang, Jingbo and Timelthaler, Gerald and Tomizuka, Shigekazu and Trautwein, Michelle and Tong, Xiaoli and Uchifune, Toshiki and Walzl, Manfred G. and Wiegmann, Brian M. and Wilbrandt, Jeanne and Wipfler, Benjamin and Wong, Thomas K. F. and Wu, Qiong and Wu, Gengxiong and Xie, Yinlong and Yang, Shenzhou and Yang, Qing and Yeates, David K. and Yoshizawa, Kazunori and Zhang, Qing and Zhang, Rui and Zhang, Wenwei and Zhang, Yunhui and Zhao, Jing and Zhou, Chengran and Zhou, Lili and Ziesmann, Tanja and Zou, Shijie and Li, Yingrui and Xu, Xun and Zhang, Yong and Yang, Huanming and Wang, Jian and Wang, Jun and Kjer, Karl M. and Zhou, Xin},
	title = {Phylogenomics resolves the timing and pattern of insect evolution},
	volume = {346},
	number = {6210},
	pages = {763--767},
	year = {2014},
	doi = {10.1126/science.1257570},
	publisher = {American Association for the Advancement of Science},
	journal = {Science}
}

@book{beutel2013insect,
  title={Insect Morphology and Phylogeny: A Textbook for Students of Entomology},
  author={Beutel, R. and Friedrich, F. and Ge, S.Q. and Yang, X.K.},
  isbn={9783110262636},
  lccn={2013029900},
  series={De Gruyter graduate},
  year={2013},
  publisher={De Gruyter}
}

@misc{ScaleNet,
	author = {D. Miller and A. Rung and G. Parikh and G. Venable and A.J. Redford and G.A. Evans and R.J. Gill},
	title = {Scale {I}nsects, {E}dition 2. {USDA APHIS} {I}dentification {T}echnology {P}rogram ({ITP})},
	howpublished = {http://idtools.org/id/scales/},
	year = {2014},
	address = {Fort Collins, CO},
	note = {Whole body (slide-mounted specimen) images by Alessandra Rung. Accessed 10 May 2016}
}

@book{bhl128276,
title = {Insects, their ways and means of living},
copyright = {NOT_IN_COPYRIGHT},
url = {http://www.biodiversitylibrary.org/item/128276},
publisher = {New York Smithsonian Institution series},
author = {Snodgrass, R. E.},
year = {1930},
pages = {431}
}

@book{fernald1921applied,
  title={Applied Entomology; an Introductory Text-book of Insects in Their Relations to Man},
  author={Fernald, Henry Torsey},
  year={1921},
  publisher={McGraw-Hill book Company, Incorporated},
  url = {https://archive.org/details/appliedentomolog00fernrich}
}
%ThripidHead is fig. 148 from this book

@article{minaei2013,
    doi = {10.3897/zookeys.275.4433},
    year = 2013,
    volume = {275},
    pages = {91--99},
    author = {Kambiz Minaei and Maryam Aleosfoor},
    title = {A new species of Haplothrips from southern Iran (Thysanoptera, Phlaeothripidae)},
    journal = {ZooKeys}
} 

@article{bhlpart17516,
title = {Notes on North American Psyllidae},
journal = {Proceedings of the Entomological Society of Washington},
volume = {6},
url = {http://www.biodiversitylibrary.org/part/17516},
author = {Schwarz, Eugene Amandus},
year = {1904},
pages = {234--245}
}

@book{bhl33187,
title = {Aid to the identification of insects / edited by Charles Owen Waterhouse. },
volume = {1},
url = {http://www.biodiversitylibrary.org/item/33187},
doi = {10.5962/bhl.title.7924},
publisher = {E.W. Janson,},
address = {London},
author = {Waterhouse, Charles Owen},
year = {1880},
pages = {230}
}

@book{bhl79792,
title = {A monograph of the Membracidae, by George Bowdler Buckton. To which is added a paper entitled Suggestions as to the meaning of the shapes and colours of the Membracidae in the struggle for existence, by Edward B. Poulton},
url = {http://www.biodiversitylibrary.org/item/79792},
note = {Issued in 6 parts, 1901-03},
publisher = {London, L. Reeve \& co., limited},
author = {George Bowdler Buckton and Edward Bagnall Poulton},
year = {1901},
pages = {562}
}

@book{bhl37902,
title = {Histoire naturelle de la {F}rance. par L. Fairmaire. 11e partie, H\'emipt\'eres ({P}unaises, {C}igales, {P}ucerons, {C}ochenilles, \textit{etc}.)},
volume = {11},
url = {http://www.biodiversitylibrary.org/item/37902},
note = {At head of title: Mus\'ee Scolaire Deyrolle.},
publisher = {Ã‰mile Deyrolle},
address = {Paris},
author = {L\'eon Fairmaire and Mus\'ee Scolaire Deyrolle},
year = {1884},
doi = {10.5962/bhl.title.9324},
pages = {246}
}

@book{bhl82061,
title = {Australian insects},
url = {http://www.biodiversitylibrary.org/item/82061},
publisher = {W. Brooks},
address = {Sydney},
author = {Froggatt, W. W.},
year = {1907},
pages = {624}
}

@book{bhl132930,
title = {Verzeichniss der in der {S}chweiz einheimischen {R}hynchoten. ({H}emiptera {L}inn)},
doi = {10.5962/bhl.title.66040},
publisher = {Solothurn, Verlag von Jent und Gassmann},
author = {Meyer-Duer, L. Rudolf},
year = {1843},
pages = {138}
}

@book{bhl45742,
title = {Faunae insectorum {G}ermanicae initia, oder, {D}eutschlands {I}nsecten. von {G.W.F}. {P}anzer. {H}emiptera},
note = {Panzer's plates and their letterpress descriptions are mounted on blank leaves facing each other, with 2 plates or 2 letterpress descriptions combined on each leaf. --- Plates signed by Jakob Sturm. --- Cf. {H.A. H}agen, {B}ib. entomologica, Bd. 2, Seite 27, Nr. 6; BM (Nat. hist.) v. 4, p. 1510.},
publisher = {Felsecker},
address = {Nuremberg},
author = {Georg Wolfgang Franz Panzer and Jakob Sturm},
year = {1793--1809},
pages = {256}
}

@book{bhl45818,
title = {The {H}emiptera {H}eteroptera of the {B}ritish {I}slands: a descriptive account of the families, genera, and species indigenous to Great Britain and Ireland : with notes as to localities, habitats, etc.},
note = {Includes addenda and corrigenda. --- Each plate accompanied by descriptive letter press. --- Includes index.},
publisher = {L. Reeve \& Co.,},
address = {London},
author = {Saunders, Edward},
year = {1892},
pages = {496}
}

@book{bhl14630,
title = {Biologia {C}entrali-{A}mericana: zoology, botany and archaeology; edited by Frederick Ducane Godman and Osbert Salvin},
volume = {v.1 Insecta. Rhynchota. Hemiptera-Heteroptera. Pentatomid\ae. Coreid\ae. Lyg\ae{}id\ae. Pyrrhocorid\ae. Capsid},
url = {http://biodiversitylibrary.org/page/594672},
publisher = {Published for the editors by R. H. Porter},
address = {London},
author = {Frederick Du Cane Godman and Maud Horman-Fisher and H. Knight and Osbert Salvin and G. S. Saunders and M. v. Schlereth and M. A. Sharp and Edwin Wilson and Bale \& Danielsson and Th. Bannwarth and Cambridge Scientific Instrument Company and Hanhart and Mintern Bros. and W. Purkiss and Taylor \& Francis},
year = {1880--1893},
pages = {517}
}
