@book{comstock1918wings,
  title={The wings of insects: an exposition of the uniform terminology of the wing veins of insects and a discussion of the more general characteristics of the wings of the several orders of insects},
  author={Comstock, John Henry},
  year={1918},
  publisher={Comstock Publishing Company},
  DOI = {10.5962/bhl.title.54605},
  address={Ithaca, New York}
}

@article{wilsonetal2010,
    doi = {10.3897/zookeys.46.406},
    year = 2010,
    month = {may},
    volume = {46},
    pages = {41--60},
    author = {John Wilson and Jean-Fran√ßois Landry and Daniel Janzen and Winnie Hallwachs and Vazrick Nazari and Mehrdad Hajibabaei and Paul Hebert},
    title = {Identity of the ailanthus webworm moth (Lepidoptera, Yponomeutidae), a complex of two species: evidence from DNA barcoding, morphology and ecology},
    journal = {ZooKeys}
} 
