@book{bhl129194,
title = {Cockroaches},
volume = {ser. 2: no. 51},
publisher = {U.S. Dept. of Agriculture, Division of Entomology},
address = {Washington, D.C.},
author = {Marlatt, Charles Lester},
year = {1902},
pages = {1--15}
}

@book{bhl26431,
title = {Nouveau syst√®me des blattaires},
publisher = {G. Braum\"uller},
address = {Vienna},
author = {Brunner von Wattenwyl, Karl},
year = {1865},
doi = {10.5962/bhl.title.5652},
pages = {472}
}

@book{bhl18655,
title = {Illustrations of North American entomology},
doi = {10.5962/bhl.title.2173},
publisher = {J. S. Tomlinson},
address = {Washington, D. C.},
author = {Glover, Townend},
year = {1872},
pages = {94}
}

@book{bhl82061,
title = {Australian insects},
doi = {10.5962/bhl.title.36347},
publisher = {W. Brooks},
address = {Sydney},
author = {Froggatt, Walter W.},
year = {1907},
pages = {624}
}

@book{bhl24070,
title = {Natural history of Victoria. Prodromus of the zoology of Victoria; or, Figures and descriptions of the living species of all classes of the Victorian indigenous animals},
volume = {Decade 11-15},
doi = {10.5962/bhl.title.4821},
note = {Issued in 20 parts, 1878--90},
publisher = {J.Ferres, government printer},
address = {Melbourne},
author = {McCoy, Frederick},
year = {1885--87},
pages = {394}
}

@book{bhl29875,
title = {A monograph of the Plecoptera or stoneflies of America north of Mexico},
doi = {10.5962/bhl.title.6826},
address = {LaFayette, Ind.},
author = {Needham, James G. and Claassen, Peter Walter},
year = {1925},
pages = {412}
}