
@article{vouchers,
author = {Turney, S. AND Cameron, E. R. AND Cloutier, C. A. AND Buddle, C. M.},
year = {2015},
title = {Non-repeatable science: assessing the frequency of voucher specimen deposition reveals that most arthropod research cannot be verified},
journal = {PeerJ},
volume = {3},
pages = {e1168},
doi = {10.7717/peerj.1168}
}

@misc{oath,
author = {Trietsch, C. AND Deans, A. R.},
year = {2016},
title = {Insect Collector's Oath},
howpublished = {\url{https://github.com/OpenEntomology/InsectBiodiversityEvolution/tree/master/insect-collectors-oath}},
note = {Accessed 11 August 2016}
}