
@misc{ENT432,
author = {{Open Entomology Project}},
year = {2016},
title = {Insect Biodiversity and Evolution},
howpublished = {\url{https://github.com/OpenEntomology/InsectBiodiversityEvolution}},
note = {Accessed 19 August 2016}
}

@misc{DWCaGuide,
author = {{Global Biodiversity Information Facility}},
year = {2011},
title = {{Darwin Core Archive Assistant User Guide, Version 1.1}},
howpublished = {\url{http://tools.gbif.org/dwca-assistant/gbif_dwc-a_asst_en_v1.1.pdf}},
note = {Accessed 5 October 2016}
}